1772 3026
167 319 259 369 celum
269 317 352 382 intigro
364 313 454 364 sordido
464 309 581 376 pejurior

168 383 218 442 Qui
228 380 370 432 circumcidis
380 392 473 426 onmem
483 376 613 437 impensem
623 367 720 426 funeris,
810 362 837 408 25
875 407 876 424 ,

169 448 272 496 Libitina
282 445 368 510 nequid
378 442 408 491 de
418 450 459 489 tuo
468 439 538 488 locist
544 435 610 486 lucri·

397 566 540 620 FABULA
557 564 616 612 XX.

446 697 571 745 Plroedrcr.

172 833 238 896 Quid
249 832 353 896 iudicare
363 827 447 892 cogitet
456 826 523 883 livor,
534 821 603 872 modo

173 900 240 948 lieet
250 895 387 952 dissimulet,
397 891 494 956 pulchre
503 899 581 937 tomen
592 883 703 946 intelligo.

173 962 297 1027 Quidquid
307 959 400 1023 putabit
410 971 459 1005 esse
469 955 567 1017 dignum
577 947 703 1006 memorie,

174 1028 255 1092 AEsopi
266 1027 343 1081 diceto
360 1021 437 1087 siquid
446 1020 525 1068 minus
534 1013 642 1072 merit,

173 1094 199 1141 A
210 1108 249 1142 me
258 1089 378 1142 contendet
389 1088 469 1135 fictum
480 1081 561 1147 quovis
571 1079 673 1142 pignore.
833 1071 846 1114 5

174 1157 254 1217 Quem
264 1156 317 1205 volo
327 1151 400 1201 refelli
408 1153 458 1213 jorn
469 1161 531 1196 nunc
541 1156 648 1206 responso
658 1154 726 1187 meos

175 1222 229 1272 Sive
238 1221 282 1268 hoc
292 1221 406 1281 ineptum,
418 1215 465 1263 sire
475 1208 619 1260 loudsndum
629 1212 663 1253 est
673 1219 741 1266 opus,

176 1286 269 1333 Invenit
278 1284 327 1341 ille,
338 1289 415 1329 nostra
424 1275 518 1341 perfecit
528 1285 619 1322 monus.

176 1348 223 1396 Sed
234 1360 389 1410 exsequemur
399 1350 499 1405 ooeptum
510 1334 621 1401 propositi
631 1331 744 1396 ordinem.

396 1429 540 1516 sinum
558 1463 631 1512 xxr.

355 1596 525 1659 Naufragium
536 1593 674 1642 Simonidis.

180 1733 260 1783 Homo
270 1729 351 1777 doctus
361 1727 385 1774 in
397 1741 421 1774 se
431 1739 520 1789 semper
530 1722 621 1772 divitias
630 1721 708 1769 habet.

212 1793 350 1852 Simonides,
362 1791 403 1856 qui
414 1789 503 1854 scripsit
513 1787 632 1851 egregium
642 1785 725 1837 melos,

181 1862 238 1922 Quo
248 1866 407 1923 paupertatem
417 1855 538 1904 sustineret
547 1851 646 1909 facilius,

182 1923 310 1976 Circumire
320 1922 387 1986 cepit
396 1922 465 1970 urbes
477 1918 539 1968 Asiae
549 1915 645 1972 nobiles,

184 1988 294 2039 Mercede
304 1986 396 2050 accepti
406 1984 500 2034 laudem
511 1981 624 2030 victorum
634 1990 726 2026 canent.

183 2056 237 2103 Hoc
247 2067 331 2116 genere
340 2053 441 2113 questus
451 2055 574 2110 postquam
584 2042 686 2105 locuples
696 2039 771 2088 frctus
781 2047 823 2096 est,
875 2045 876 2088 ζ

183 2118 270 2168 Venire
281 2117 306 2163 in
317 2114 416 2176 patrium
426 2110 500 2160 voluit
510 2125 579 2157 cursu
590 2105 694 2172 pelagios
812 2151 817 2159 .
875 2091 876 2112 ¹

183 2183 254 2247 (Erat
264 2187 351 2235 autem,
362 2186 390 2225 ut
400 2176 473 2233 aiunt,
485 2183 553 2222 natus
563 2172 588 2220 in
599 2169 646 2220 Cei
656 2167 750 2225 insulis)

183 2244 313 2295 Adscendit
323 2256 421 2290 navem:
439 2255 511 2303 quem
522 2245 644 2300 tempestas
653 2231 745 2282 horrido

185 2310 261 2359 Simul
269 2317 295 2356 et
305 2314 406 2357 vetustos
417 2303 494 2352 medio
504 2301 608 2350 dissolvit
617 2297 683 2348 mori.
742 2343 745 2347 ,
824 2296 849 2342 10

185 2375 220 2422 Ηὶ
231 2387 309 2431 nones,
321 2370 356 2418 illi
366 2385 403 2419 res
413 2368 522 2432 pretiosos
533 2365 653 2428 colligunt,

186 2435 322 2484 Subsidium
331 2435 393 2483 vitae.
418 2432 522 2491 Quidem
532 2429 655 2484 curiosior;

187 2501 205 2526 “
218 2498 344 2556 Simonide,
355 2506 382 2545 tu
392 2513 422 2545 ex
432 2496 514 2559 opibus
525 2493 559 2540 nil
569 2491 643 2540 sumis
655 2489 701 2538 tuis
708 2487 769 2538 i”-

188 2563 206 2588 “
225 2561 351 2634 Mecum,'''
364 2559 449 2624 inquit,
470 2561 488 2588 “
503 2572 556 2605 meo
570 2564 624 2603 sunt
639 2552 853 2602 mucor-Tunc

284 2637 352 2683 pauor
363 2631 473 2678 enatant3

189 2685 253 2743 Quis
263 2685 340 2746 plures
350 2700 416 2732 onere
425 2684 547 2749 degravati
554 2682 673 2746 perierant.
825 2683 851 2730 15
