1808 3012
294 118 497 170 SYMPOSIUS·
511 118 554 175 27.
710 115 754 163 131

308 249 319 312 (
335 250 376 306 27.
391 250 405 314 )
437 250 538 302 coense.

84 337 153 387 Vivo
162 351 246 386 novem
256 336 325 397 vites,
336 339 404 388 sime
413 353 460 387 non
472 336 561 387 Grecis
571 334 646 384 fallite

85 400 222 466 [Aeraque]
232 418 284 452 sum
295 419 393 467 semper,
405 403 469 450 nullo
480 401 600 466 eompulsa
609 398 706 455 dolore3

85 467 132 528 Et,
144 481 192 515 non
202 467 309 528 irascens,
319 467 381 515 ultro
391 467 493 516 convicia
502 467 561 516 dien.

290 562 300 626 (
317 562 358 610 28.
375 559 386 623 )
424 563 569 624 Vespertilio.

86 651 147 699 Nox
157 648 217 696 mihi
226 649 266 698 det
276 665 360 700 nomen
370 651 446 714 primo
457 651 486 699 de
496 659 599 714 tempore
609 648 690 698 noctis.

88 715 178 762 Plume
189 713 248 760 mihi
258 729 304 762 non
316 724 358 775 est,
370 731 424 764 eum
435 717 466 765 sit
474 715 533 764 mihi
543 729 619 779 penna
629 711 741 762 volentisz

87 778 136 828 Sed
147 778 213 829 sedeo
223 778 249 826 in
259 779 366 838 tenebris,
377 795 419 828 nee
429 795 467 828 me
477 780 597 828 committo
607 779 696 828 diebus.
781 835 782 848 ἵ

306 873 317 937 (
334 875 374 922 29.
390 872 400 931 )
434 875 542 921 Ericius.

89 964 167 1012 Plena
176 963 259 1010 domus
270 961 350 1037 spinis,
361 963 427 1026 parvi
437 963 477 1011 sed
487 961 586 1037 eorporis
596 962 688 1026 hospes,

89 1027 206 1076 Incolumi
216 1026 283 1074 dorso
294 1028 345 1074 tells
356 1027 459 1076 eonfixus
470 1036 551 1086 acuns,

89 1092 195 1143 Sustinet
203 1100 303 1140 armatas
313 1101 399 1154 segetes
409 1091 524 1140 habitator
533 1090 636 1140 inermis.

291 1189 390 1253 (30.)
425 1189 562 1238 Peniculus.

90 1280 136 1328 Est
144 1291 206 1327 nove
215 1285 345 1326 nostrerum
356 1278 443 1326 eunetis
454 1285 549 1339 capture
559 1276 669 1335 serarum,

90 1343 135 1404 Ut,
146 1343 224 1406 siquid
235 1343 319 1405 capies,
331 1342 355 1390 id
366 1351 391 1390 tu
403 1341 445 1390 tibi
455 1341 514 1389 ferre
524 1355 629 1396 reeusese

90 1407 134 1468 Et,
145 1407 208 1471 qued
218 1421 265 1454 non
275 1406 359 1470 sapies,
371 1415 448 1455 tecum
458 1415 535 1454 temen
546 1405 596 1470 ipse
605 1413 716 1469 reportes.

309 1503 321 1568 (
337 1504 377 1551 31.
394 1501 406 1566 )
438 1505 550 1552 Phanis.

94 1592 153 1641 viss
162 1593 221 1641 mihi
231 1608 294 1642 mors
305 1602 353 1650 θεῖς
366 1593 460 1654 morior,
471 1594 491 1642 si
501 1608 589 1654 coepero
599 1591 677 1648 nesei3

95 1657 142 1706 sed
152 1657 216 1722 prius
227 1667 261 1706 est
271 1657 346 1705 fetum
356 1657 405 1715 leti,
417 1673 487 1720 quam
497 1658 555 1704 lueis
566 1656 645 1718 eriges

8 1785 9 1788 Ἴ
94 1721 137 1771 Sic.
143 1722 203 1770 solos
213 1722 298 1770 Manes
308 1721 369 1783 ipsos
380 1721 438 1766 mihi
448 1720 507 1766 duno
517 1729 630 1781 petentes.

315 1814 326 1877 (
343 1814 382 1860 32.
398 1811 410 1874 )
446 1815 548 1861 Taurus.

94 1905 205 1958 Moeehus
214 1919 277 1953 erem
287 1901 361 1966 regis3
376 1901 417 1950 sed
426 1901 504 1964 lignee
513 1903 617 1950 membra
627 1905 752 1966 sequebers

95 1974 131 2022 Et
140 1970 242 2019 cilicum
251 1982 318 2016 mons
329 1982 390 2027 sum,
401 1966 441 2014 sed
451 1973 498 2014 non
508 1980 560 2014 sum
572 1967 665 2015 nomine
675 1966 738 2014 selo:

8 2095 9 2100 ¹
95 2031 648 2096 Etvehorincoelis,etinipsismnbuloeerris.

322 2129 332 2192 (
350 2129 389 2176 33.
409 2126 420 2190 )
448 2129 540 2189 Lupus.

97 2220 215 2271 Dentibus
226 2218 346 2282 [insanis]
359 2232 402 2281 ego
412 2232 473 2278 sum,
484 2217 526 2280 qui
536 2215 603 2266 vinee
613 2215 724 2274 bidentes,

98 2287 144 2336 Ssn
178 2285 184 2297 ’
203 2301 240 2334 ees
250 2282 339 2348 prodes
349 2297 462 2347 querens,
472 2282 592 2346 vietusque
601 2290 715 2330 cruentos.

99 2350 129 2400 M
156 2348 243 2398 ticum
253 2349 316 2396 rebie
326 2362 405 2396 vocem
416 2362 508 2411 quoque
518 2346 597 2394 tollere
607 2361 710 2408 possum.

322 2443 332 2507 (
346 2443 387 2490 34.
406 2444 415 2502 )
452 2445 545 2504 Vulpes.

100 2533 222 2597 Exiguum
234 2547 324 2596 eorpus,
337 2532 377 2580 sed
387 2547 424 2580 eor
433 2532 492 2579 mihi
503 2546 595 2596 wrpore
605 2532 696 2594 majus:

100 2600 158 2648 Sum
168 2605 259 2646 versute
269 2597 336 2655 dolis,
347 2605 429 2660 argute
439 2596 521 2644 callida
532 2611 614 2645 sensu:

100 2665 133 2712 Et
143 2662 190 2710 fera
201 2677 252 2711 sum
264 2662 363 2723 sepiens,
374 2662 464 2725 sepiens
475 2661 525 2711 fere
536 2661 604 2726 sique
614 2669 715 2712 vocatur.
