<?xml version="1.0" encoding="UTF-8"?>
<!DOCTYPE html PUBLIC "-//W3C//DTD XHTML 1.0 Transitional//EN"
    "http://www.w3.org/TR/xhtml1/DTD/xhtml1-transitional.dtd">
<html xmlns="http://www.w3.org/1999/xhtml" xml:lang="en" lang="en">
 <head>
  <title>
</title>
<meta http-equiv="Content-Type" content="text/html;charset=utf-8" />
  <meta name='ocr-system' content='tesseract 3.04.00' />
  <meta name='ocr-capabilities' content='ocr_page ocr_carea ocr_par ocr_line ocrx_word'/>
</head>
<body>
  <div class='ocr_page' id='page_1' title='image "./phaedriavianial00publgoog_0032.png"; bbox 0 0 1772 3026; ppageno 0'>
   <div class='ocr_carea' id='block_1_1' title="bbox 248 199 740 255">
    <p class='ocr_par' dir='ltr' id='par_1_1' title="bbox 248 199 740 255">
     <span class='ocr_line' id='line_1_1' title="bbox 248 199 740 255; baseline 0 -1"><span class='ocrx_word' id='word_1_1' title='bbox 248 199 430 255; x_wconf 73' lang='lat' dir='ltr'>PHAEDRUS.</span> <span class='ocrx_word' id='word_1_2' title='bbox 447 201 485 253; x_wconf 88' lang='lat'>11.</span> <span class='ocrx_word' id='word_1_3' title='bbox 500 201 558 252; x_wconf 63' lang='lat' dir='ltr'>&#39;bi&#39;</span> <span class='ocrx_word' id='word_1_4' title='bbox 709 203 740 254; x_wconf 83' lang='lat' dir='ltr'>le</span> 
     </span>
    </p>
   </div>
   <div class='ocr_carea' id='block_1_2' title="bbox 65 328 765 1823">
    <p class='ocr_par' dir='ltr' id='par_1_2' title="bbox 66 328 738 456">
     <span class='ocr_line' id='line_1_2' title="bbox 67 328 738 398; baseline 0.004 -19"><span class='ocrx_word' id='word_1_5' title='bbox 67 330 149 380; x_wconf 79' lang='lat' dir='ltr'>Gmtis</span> <span class='ocrx_word' id='word_1_6' title='bbox 159 328 364 394; x_wconf 59' lang='lat' dir='ltr'>anbela&#39;ricmulta</span> <span class='ocrx_word' id='word_1_7' title='bbox 373 334 461 398; x_wconf 85' lang='lat' dir='ltr'>agendo</span> <span class='ocrx_word' id='word_1_8' title='bbox 471 333 530 381; x_wconf 84' lang='lat' dir='ltr'>nihil</span> <span class='ocrx_word' id='word_1_9' title='bbox 540 345 618 397; x_wconf 75' lang='lat' dir='ltr'>agate,</span> <span class='ocrx_word' id='word_1_10' title='bbox 684 329 688 334; x_wconf 83' lang='lat'>&#39;</span> <span class='ocrx_word' id='word_1_11' title='bbox 720 334 738 382; x_wconf 78' lang='lat'>³</span> 
     </span>
     <span class='ocr_line' id='line_1_3' title="bbox 66 397 490 456; baseline -0.002 -10"><span class='ocrx_word' id='word_1_12' title='bbox 66 397 120 446; x_wconf 90' lang='lat' dir='ltr'>Sibi</span> <span class='ocrx_word' id='word_1_13' title='bbox 129 397 231 456; x_wconf 75' lang='lat' dir='ltr'>molesta,</span> <span class='ocrx_word' id='word_1_14' title='bbox 243 407 266 447; x_wconf 92' lang='lat' dir='ltr'>et</span> <span class='ocrx_word' id='word_1_15' title='bbox 275 399 326 446; x_wconf 90' lang='lat' dir='ltr'>aliis</span> <span class='ocrx_word' id='word_1_16' title='bbox 336 399 490 448; x_wconf 77' lang='lat' dir='ltr'>odiosissitnse</span> 
     </span>
    </p>

    <p class='ocr_par' dir='ltr' id='par_1_3' title="bbox 67 461 738 591">
     <span class='ocr_line' id='line_1_4' title="bbox 68 461 738 526; baseline -0.003 -17"><span class='ocrx_word' id='word_1_17' title='bbox 68 461 141 509; x_wconf 87' lang='lat' dir='ltr'>Hanc</span> <span class='ocrx_word' id='word_1_18' title='bbox 150 462 277 523; x_wconf 85' lang='lat' dir='ltr'>emendare,</span> <span class='ocrx_word' id='word_1_19' title='bbox 319 471 397 511; x_wconf 88' lang='lat' dir='ltr'>tamen</span> <span class='ocrx_word' id='word_1_20' title='bbox 407 477 510 526; x_wconf 83' lang='lat' dir='ltr'>possum,</span> <span class='ocrx_word' id='word_1_21' title='bbox 522 462 574 510; x_wconf 84' lang='lat' dir='ltr'>volo</span> <span class='ocrx_word' id='word_1_22' title='bbox 720 463 738 508; x_wconf 77' lang='lat' dir='ltr'>o</span> 
     </span>
     <span class='ocr_line' id='line_1_5' title="bbox 67 524 615 591; baseline -0.002 -17"><span class='ocrx_word' id='word_1_23' title='bbox 67 524 134 574; x_wconf 77' lang='lat' dir='ltr'>Veri</span> <span class='ocrx_word' id='word_1_24' title='bbox 143 524 238 574; x_wconf 69' lang='lat' dir='ltr'>sabellii</span> <span class='ocrx_word' id='word_1_25' title='bbox 253 527 354 591; x_wconf 89' lang='lat' dir='ltr'>pretium</span> <span class='ocrx_word' id='word_1_26' title='bbox 365 537 398 576; x_wconf 83' lang='lat' dir='ltr'>eet</span> <span class='ocrx_word' id='word_1_27' title='bbox 408 543 482 591; x_wconf 85' lang='lat' dir='ltr'>operoe</span> <span class='ocrx_word' id='word_1_28' title='bbox 492 525 615 574; x_wconf 75' lang='lat' dir='ltr'>attendero·</span> 
     </span>
    </p>

    <p class='ocr_par' dir='ltr' id='par_1_4' title="bbox 87 590 606 658">
     <span class='ocr_line' id='line_1_6' title="bbox 87 590 606 658; baseline 0.002 -22"><span class='ocrx_word' id='word_1_29' title='bbox 87 651 89 656; x_wconf 68' lang='lat'>,</span> <span class='ocrx_word' id='word_1_30' title='bbox 103 591 181 658; x_wconf 64' lang='lat' dir='ltr'>Cesar</span> <span class='ocrx_word' id='word_1_31' title='bbox 192 590 299 639; x_wconf 80' lang='lat' dir='ltr'>Tiberius</span> <span class='ocrx_word' id='word_1_32' title='bbox 308 607 371 650; x_wconf 91' lang='lat' dir='ltr'>cum,</span> <span class='ocrx_word' id='word_1_33' title='bbox 382 602 461 656; x_wconf 87' lang='lat' dir='ltr'>petens</span> <span class='ocrx_word' id='word_1_34' title='bbox 472 590 606 654; x_wconf 77' lang='lat' dir='ltr'>Neapolim,</span> 
     </span>
    </p>

    <p class='ocr_par' dir='ltr' id='par_1_5' title="bbox 68 651 550 714">
     <span class='ocr_line' id='line_1_7' title="bbox 68 651 550 714; baseline 0 -12"><span class='ocrx_word' id='word_1_35' title='bbox 68 654 101 702; x_wconf 81' lang='lat' dir='ltr'>Iu</span> <span class='ocrx_word' id='word_1_36' title='bbox 111 651 265 703; x_wconf 78' lang='lat' dir='ltr'>Misenensem</span> <span class='ocrx_word' id='word_1_37' title='bbox 276 656 355 704; x_wconf 84' lang='lat' dir='ltr'>villam</span> <span class='ocrx_word' id='word_1_38' title='bbox 366 656 464 704; x_wconf 85' lang='lat' dir='ltr'>venisset</span> <span class='ocrx_word' id='word_1_39' title='bbox 474 671 550 714; x_wconf 85' lang='lat' dir='ltr'>suam,</span> 
     </span>
    </p>

    <p class='ocr_par' dir='ltr' id='par_1_6' title="bbox 67 717 737 905">
     <span class='ocr_line' id='line_1_8' title="bbox 67 717 607 783; baseline 0.002 -19"><span class='ocrx_word' id='word_1_40' title='bbox 67 717 140 776; x_wconf 69' lang='lat' dir='ltr'>Qun,</span> <span class='ocrx_word' id='word_1_41' title='bbox 150 730 228 767; x_wconf 87' lang='lat' dir='ltr'>monte</span> <span class='ocrx_word' id='word_1_42' title='bbox 237 734 330 768; x_wconf 88' lang='lat' dir='ltr'>summo</span> <span class='ocrx_word' id='word_1_43' title='bbox 338 721 412 783; x_wconf 86' lang='lat' dir='ltr'>posita</span> <span class='ocrx_word' id='word_1_44' title='bbox 422 721 516 768; x_wconf 84' lang='lat' dir='ltr'>Luculli</span> <span class='ocrx_word' id='word_1_45' title='bbox 525 733 607 775; x_wconf 86' lang='lat' dir='ltr'>manu,</span> 
     </span>
     <span class='ocr_line' id='line_1_9' title="bbox 67 782 737 847; baseline -0.001 -17"><span class='ocrx_word' id='word_1_46' title='bbox 67 782 203 844; x_wconf 69' lang='lat' dir='ltr'><strong>Prospectat</strong></span> <span class='ocrx_word' id='word_1_47' title='bbox 213 783 316 833; x_wconf 85' lang='lat' dir='ltr'>Siculum</span> <span class='ocrx_word' id='word_1_48' title='bbox 326 793 349 831; x_wconf 91' lang='lat' dir='ltr'>et</span> <span class='ocrx_word' id='word_1_49' title='bbox 359 785 454 847; x_wconf 76' lang='lat' dir='ltr'>despicit</span> <span class='ocrx_word' id='word_1_50' title='bbox 464 785 568 833; x_wconf 82' lang='lat' dir='ltr'><strong>Tuscum</strong></span> <span class='ocrx_word' id='word_1_51' title='bbox 578 797 659 842; x_wconf 67' lang='grc' dir='ltr'>ηιατυς</span> <span class='ocrx_word' id='word_1_52' title='bbox 704 783 737 832; x_wconf 87' lang='lat' dir='ltr'>lo</span> 
     </span>
     <span class='ocr_line' id='line_1_10' title="bbox 68 845 466 905; baseline 0 -10"><span class='ocrx_word' id='word_1_53' title='bbox 68 847 111 895; x_wconf 86' lang='lat' dir='ltr'>Ex</span> <span class='ocrx_word' id='word_1_54' title='bbox 121 845 241 894; x_wconf 71' lang='lat' dir='ltr'>alticinctis</span> <span class='ocrx_word' id='word_1_55' title='bbox 250 862 312 894; x_wconf 90' lang='lat' dir='ltr'>unus</span> <span class='ocrx_word' id='word_1_56' title='bbox 322 848 466 905; x_wconf 70' lang='lat' dir='ltr'>aulensibus,</span> 
     </span>
    </p>

    <p class='ocr_par' dir='ltr' id='par_1_7' title="bbox 68 909 540 959">
     <span class='ocr_line' id='line_1_11' title="bbox 68 909 540 959; baseline -0.002 0"><span class='ocrx_word' id='word_1_57' title='bbox 68 910 116 959; x_wconf 80' lang='lat' dir='ltr'>cai</span> <span class='ocrx_word' id='word_1_58' title='bbox 125 909 204 958; x_wconf 86' lang='lat' dir='ltr'>tunica</span> <span class='ocrx_word' id='word_1_59' title='bbox 214 911 244 958; x_wconf 87' lang='lat' dir='ltr'>ab</span> <span class='ocrx_word' id='word_1_60' title='bbox 253 909 356 958; x_wconf 87' lang='lat' dir='ltr'>humeris</span> <span class='ocrx_word' id='word_1_61' title='bbox 365 909 436 958; x_wconf 84' lang='lat' dir='ltr'>liriteo</span> <span class='ocrx_word' id='word_1_62' title='bbox 447 911 540 959; x_wconf 87' lang='lat' dir='ltr'>Pelusio</span> 
     </span>
    </p>

    <p class='ocr_par' dir='ltr' id='par_1_8' title="bbox 67 973 526 1038">
     <span class='ocr_line' id='line_1_12' title="bbox 67 973 526 1038; baseline -0.004 -15"><span class='ocrx_word' id='word_1_63' title='bbox 67 975 129 1023; x_wconf 85' lang='lat' dir='ltr'>Erat</span> <span class='ocrx_word' id='word_1_64' title='bbox 138 973 253 1031; x_wconf 85' lang='lat' dir='ltr'>destricta,</span> <span class='ocrx_word' id='word_1_65' title='bbox 265 973 328 1022; x_wconf 88' lang='lat' dir='ltr'>cirris</span> <span class='ocrx_word' id='word_1_66' title='bbox 338 973 526 1038; x_wconf 77' lang='lat' dir='ltr'>dependentibus,</span> 
     </span>
    </p>

    <p class='ocr_par' dir='ltr' id='par_1_9' title="bbox 67 1037 561 1096">
     <span class='ocr_line' id='line_1_13' title="bbox 67 1037 561 1096; baseline -0.002 -10"><span class='ocrx_word' id='word_1_67' title='bbox 67 1037 248 1086; x_wconf 71' lang='lat' dir='ltr'>Perambulante</span> <span class='ocrx_word' id='word_1_68' title='bbox 258 1037 312 1085; x_wconf 72' lang='lat' dir='ltr'>laete</span> <span class='ocrx_word' id='word_1_69' title='bbox 322 1037 425 1085; x_wconf 81' lang='lat' dir='ltr'>Domino</span> <span class='ocrx_word' id='word_1_70' title='bbox 436 1037 525 1096; x_wconf 84' lang='lat' dir='ltr'>viridia,</span> <span class='ocrx_word' id='word_1_71' title='bbox 557 1037 561 1042; x_wconf 85' lang='grc'><strong>’</strong></span> 
     </span>
    </p>

    <p class='ocr_par' dir='ltr' id='par_1_10' title="bbox 65 1101 735 1291">
     <span class='ocr_line' id='line_1_14' title="bbox 65 1101 735 1169; baseline -0.003 -19"><span class='ocrx_word' id='word_1_72' title='bbox 65 1101 168 1150; x_wconf 81' lang='lat' dir='ltr'>Alveolo</span> <span class='ocrx_word' id='word_1_73' title='bbox 177 1102 246 1166; x_wconf 83' lang='lat' dir='ltr'>coepit</span> <span class='ocrx_word' id='word_1_74' title='bbox 254 1102 330 1165; x_wconf 90' lang='lat' dir='ltr'>ligneo</span> <span class='ocrx_word' id='word_1_75' title='bbox 340 1116 487 1165; x_wconf 81' lang='lat' dir='ltr'>conspergere</span> <span class='ocrx_word' id='word_1_76' title='bbox 581 1163 584 1169; x_wconf 28' lang='grc' dir='ltr'>Ι</span> <span class='ocrx_word' id='word_1_77' title='bbox 614 1158 617 1169; x_wconf 34' lang='grc' dir='ltr'>Ι</span> <span class='ocrx_word' id='word_1_78' title='bbox 706 1101 735 1149; x_wconf 78' lang='lat' dir='ltr'>lo</span> 
     </span>
     <span class='ocr_line' id='line_1_15' title="bbox 66 1164 691 1230; baseline -0.005 -16"><span class='ocrx_word' id='word_1_79' title='bbox 66 1167 179 1215; x_wconf 88' lang='lat' dir='ltr'>Humum</span> <span class='ocrx_word' id='word_1_80' title='bbox 189 1175 333 1224; x_wconf 72' lang='lat' dir='ltr'>estuantem,</span> <span class='ocrx_word' id='word_1_81' title='bbox 342 1167 432 1230; x_wconf 80' lang='lat' dir='ltr'>jactans</span> <span class='ocrx_word' id='word_1_82' title='bbox 441 1165 543 1214; x_wconf 85' lang='lat' dir='ltr'>officium</span> <span class='ocrx_word' id='word_1_83' title='bbox 552 1164 618 1214; x_wconf 79' lang='lat' dir='ltr'>lever</span> <span class='ocrx_word' id='word_1_84' title='bbox 688 1165 691 1170; x_wconf 88' lang='lat'>&#39;</span> 
     </span>
     <span class='ocr_line' id='line_1_16' title="bbox 67 1229 528 1291; baseline -0.002 -12"><span class='ocrx_word' id='word_1_85' title='bbox 67 1229 115 1279; x_wconf 83' lang='lat' dir='ltr'>Sed</span> <span class='ocrx_word' id='word_1_86' title='bbox 125 1229 247 1278; x_wconf 87' lang='lat' dir='ltr'>deridetur.</span> <span class='ocrx_word' id='word_1_87' title='bbox 272 1230 340 1290; x_wconf 90' lang='lat' dir='ltr'>Inde,</span> <span class='ocrx_word' id='word_1_88' title='bbox 351 1231 411 1278; x_wconf 86' lang='lat' dir='ltr'>notis</span> <span class='ocrx_word' id='word_1_89' title='bbox 420 1229 528 1291; x_wconf 81' lang='lat' dir='ltr'>flexibus,</span> 
     </span>
    </p>

    <p class='ocr_par' dir='ltr' id='par_1_11' title="bbox 65 1293 765 1616">
     <span class='ocr_line' id='line_1_17' title="bbox 68 1293 650 1359; baseline 0.003 -17"><span class='ocrx_word' id='word_1_90' title='bbox 68 1294 190 1342; x_wconf 77' lang='lat' dir='ltr'>Procurrit</span> <span class='ocrx_word' id='word_1_91' title='bbox 200 1295 272 1343; x_wconf 85' lang='lat' dir='ltr'>aliurn</span> <span class='ocrx_word' id='word_1_92' title='bbox 282 1293 306 1342; x_wconf 89' lang='lat' dir='ltr'>in</span> <span class='ocrx_word' id='word_1_93' title='bbox 318 1303 422 1358; x_wconf 82' lang='lat' dir='ltr'>xystum,</span> <span class='ocrx_word' id='word_1_94' title='bbox 433 1294 514 1342; x_wconf 80' lang='lat' dir='ltr'>sedam</span> <span class='ocrx_word' id='word_1_95' title='bbox 524 1295 650 1359; x_wconf 79' lang='lat' dir='ltr'>pulverem.</span> 
     </span>
     <span class='ocr_line' id='line_1_18' title="bbox 65 1359 765 1423; baseline 0.001 -16"><span class='ocrx_word' id='word_1_96' title='bbox 65 1359 181 1422; x_wconf 79' lang='lat' dir='ltr'>Agnoscit</span> <span class='ocrx_word' id='word_1_97' title='bbox 191 1359 308 1412; x_wconf 85' lang='lat' dir='ltr'>hominem</span> <span class='ocrx_word' id='word_1_98' title='bbox 319 1360 403 1419; x_wconf 71' lang='lat' dir='ltr'>cesar,</span> <span class='ocrx_word' id='word_1_99' title='bbox 414 1375 509 1422; x_wconf 70' lang='lat' dir='ltr'>reaque</span> <span class='ocrx_word' id='word_1_100' title='bbox 518 1360 632 1423; x_wconf 81' lang='lat' dir='ltr'>intelligit</span> <span class='ocrx_word' id='word_1_101' title='bbox 761 1404 765 1418; x_wconf 88' lang='grc'>,</span> 
     </span>
     <span class='ocr_line' id='line_1_19' title="bbox 67 1423 735 1487; baseline 0 -16"><span class='ocrx_word' id='word_1_102' title='bbox 67 1423 100 1471; x_wconf 93' lang='lat' dir='ltr'>Id</span> <span class='ocrx_word' id='word_1_103' title='bbox 107 1431 135 1469; x_wconf 85' lang='lat' dir='ltr'>ut</span> <span class='ocrx_word' id='word_1_104' title='bbox 144 1424 238 1486; x_wconf 82' lang='lat' dir='ltr'>putarit</span> <span class='ocrx_word' id='word_1_105' title='bbox 244 1439 291 1471; x_wconf 89' lang='lat' dir='ltr'>esse</span> <span class='ocrx_word' id='word_1_106' title='bbox 301 1423 444 1487; x_wconf 84' lang='lat' dir='ltr'>nescio-quid</span> <span class='ocrx_word' id='word_1_107' title='bbox 454 1424 517 1483; x_wconf 90' lang='lat' dir='ltr'>boni,</span> <span class='ocrx_word' id='word_1_108' title='bbox 702 1425 735 1472; x_wconf 81' lang='lat'>20</span> 
     </span>
     <span class='ocr_line' id='line_1_20' title="bbox 67 1486 703 1552; baseline 0.003 -18"><span class='ocrx_word' id='word_1_109' title='bbox 67 1489 86 1517; x_wconf 87' lang='lat'>“</span> <span class='ocrx_word' id='word_1_110' title='bbox 98 1486 165 1534; x_wconf 83' lang='lat' dir='ltr'>Heus</span> <span class='ocrx_word' id='word_1_111' title='bbox 173 1487 200 1534; x_wconf 86' lang='lat'>!”</span> <span class='ocrx_word' id='word_1_112' title='bbox 215 1488 291 1552; x_wconf 90' lang='lat' dir='ltr'>inquit</span> <span class='ocrx_word' id='word_1_113' title='bbox 300 1489 430 1536; x_wconf 85' lang='lat' dir='ltr'>Dominus:</span> <span class='ocrx_word' id='word_1_114' title='bbox 449 1488 489 1536; x_wconf 93' lang='lat' dir='ltr'>ille</span> <span class='ocrx_word' id='word_1_115' title='bbox 499 1489 614 1537; x_wconf 82' lang='lat' dir='ltr'>enimvero</span> <span class='ocrx_word' id='word_1_116' title='bbox 623 1487 703 1544; x_wconf 84' lang='lat' dir='ltr'>assilit,</span> 
     </span>
     <span class='ocr_line' id='line_1_21' title="bbox 67 1550 468 1616; baseline 0 -17"><span class='ocrx_word' id='word_1_117' title='bbox 67 1550 207 1602; x_wconf 85' lang='lat' dir='ltr'>Donationis</span> <span class='ocrx_word' id='word_1_118' title='bbox 217 1552 290 1601; x_wconf 75' lang='lat' dir='ltr'>aiace</span> <span class='ocrx_word' id='word_1_119' title='bbox 299 1561 366 1602; x_wconf 79' lang='lat' dir='ltr'>certae</span> <span class='ocrx_word' id='word_1_120' title='bbox 376 1553 468 1616; x_wconf 86' lang='lat' dir='ltr'>gaudio.</span> 
     </span>
    </p>

    <p class='ocr_par' dir='ltr' id='par_1_12' title="bbox 66 1615 589 1678">
     <span class='ocr_line' id='line_1_22' title="bbox 66 1615 589 1678; baseline 0.004 -15"><span class='ocrx_word' id='word_1_121' title='bbox 66 1615 133 1663; x_wconf 82' lang='lat' dir='ltr'>Tum</span> <span class='ocrx_word' id='word_1_122' title='bbox 144 1615 176 1664; x_wconf 84' lang='lat' dir='ltr'>sic</span> <span class='ocrx_word' id='word_1_123' title='bbox 183 1618 258 1678; x_wconf 74' lang='lat' dir='ltr'>jocum</span> <span class='ocrx_word' id='word_1_124' title='bbox 269 1626 302 1665; x_wconf 84' lang='lat' dir='ltr'>est</span> <span class='ocrx_word' id='word_1_125' title='bbox 313 1618 371 1665; x_wconf 79' lang='lat' dir='ltr'>tanti</span> <span class='ocrx_word' id='word_1_126' title='bbox 380 1619 488 1678; x_wconf 86' lang='lat' dir='ltr'>majestas</span> <span class='ocrx_word' id='word_1_127' title='bbox 499 1617 589 1665; x_wconf 72' lang='lat' dir='ltr'>Ducite</span> 
     </span>
    </p>

    <p class='ocr_par' dir='ltr' id='par_1_13' title="bbox 65 1678 745 1823">
     <span class='ocr_line' id='line_1_23' title="bbox 66 1678 716 1744; baseline -0.002 -17"><span class='ocrx_word' id='word_1_128' title='bbox 66 1682 85 1710; x_wconf 88' lang='lat'>“</span> <span class='ocrx_word' id='word_1_129' title='bbox 98 1680 154 1728; x_wconf 91' lang='lat' dir='ltr'>Non</span> <span class='ocrx_word' id='word_1_130' title='bbox 165 1681 265 1743; x_wconf 83' lang='lat' dir='ltr'>multum</span> <span class='ocrx_word' id='word_1_131' title='bbox 276 1682 349 1744; x_wconf 84' lang='lat' dir='ltr'>egisti,</span> <span class='ocrx_word' id='word_1_132' title='bbox 360 1691 384 1729; x_wconf 87' lang='lat' dir='ltr'>et</span> <span class='ocrx_word' id='word_1_133' title='bbox 393 1697 462 1744; x_wconf 89' lang='lat' dir='ltr'>opera</span> <span class='ocrx_word' id='word_1_134' title='bbox 471 1682 628 1744; x_wconf 86' lang='lat' dir='ltr'>nequidquam</span> <span class='ocrx_word' id='word_1_135' title='bbox 638 1678 716 1744; x_wconf 74' lang='lat' dir='ltr'>perita</span> 
     </span>
     <span class='ocr_line' id='line_1_24' title="bbox 65 1741 745 1823; baseline -0.003 -31"><span class='ocrx_word' id='word_1_136' title='bbox 65 1741 148 1823; x_wconf 68' lang='lat' dir='ltr'>Multo</span> <span class='ocrx_word' id='word_1_137' title='bbox 157 1745 333 1809; x_wconf 66' lang='lat' dir='ltr'>majoris-alapis</span> <span class='ocrx_word' id='word_1_138' title='bbox 343 1760 434 1792; x_wconf 90' lang='lat' dir='ltr'>mecum</span> <span class='ocrx_word' id='word_1_139' title='bbox 445 1743 568 1792; x_wconf 82' lang='lat' dir='ltr'>vencrmt.’¹</span> <span class='ocrx_word' id='word_1_140' title='bbox 701 1743 745 1790; x_wconf 74' lang='lat' dir='ltr'>ut:</span> 
     </span>
    </p>
   </div>
   <div class='ocr_carea' id='block_1_3' title="bbox 91 1849 505 1918">
    <p class='ocr_par' dir='ltr' id='par_1_14' title="bbox 91 1849 505 1946">
     <span class='ocr_line' id='line_1_25' title="bbox 91 1849 505 1918; baseline -0.005 2"><span class='ocrx_word' id='word_1_141' title='bbox 91 1849 95 1854; x_wconf 78' lang='grc'>’</span> <span class='ocrx_word' id='word_1_142' title='bbox 299 1870 441 1918; x_wconf 71' lang='lat' dir='ltr'>sununs</span> <span class='ocrx_word' id='word_1_143' title='bbox 455 1869 505 1918; x_wconf 91' lang='lat' dir='ltr'>v1.</span> 
     </span>
    </p>
   </div>
   <div class='ocr_carea' id='block_1_4' title="bbox 141 1975 653 2064">
    <p class='ocr_par' dir='ltr' id='par_1_15' title="bbox 141 1975 653 2064">
     <span class='ocr_line' id='line_1_26' title="bbox 141 1975 653 2064; baseline 0 -16"><span class='ocrx_word' id='word_1_144' title='bbox 141 1975 149 1994; x_wconf 73' lang='lat'>‘&#39;</span> <span class='ocrx_word' id='word_1_145' title='bbox 214 2001 314 2064; x_wconf 72' lang='lat' dir='ltr'>Aquila,</span> <span class='ocrx_word' id='word_1_146' title='bbox 327 2001 463 2062; x_wconf 55' lang='lat' dir='ltr'>comum</span> <span class='ocrx_word' id='word_1_147' title='bbox 478 2001 587 2048; x_wconf 69' lang='lat' dir='ltr'>umaro.</span> <span class='ocrx_word' id='word_1_148' title='bbox 649 2021 653 2028; x_wconf 94' lang='lat'>·</span> 
     </span>
    </p>
   </div>
   <div class='ocr_carea' id='block_1_5' title="bbox 64 2129 734 2708">
    <p class='ocr_par' dir='ltr' id='par_1_16' title="bbox 64 2129 734 2708">
     <span class='ocr_line' id='line_1_27' title="bbox 65 2129 587 2194; baseline -0.01 -12"><span class='ocrx_word' id='word_1_149' title='bbox 65 2132 154 2182; x_wconf 76' lang='lat' dir='ltr'>uonna</span> <span class='ocrx_word' id='word_1_150' title='bbox 163 2138 266 2194; x_wconf 77' lang='lat' dir='ltr'>potmtos</span> <span class='ocrx_word' id='word_1_151' title='bbox 277 2145 346 2179; x_wconf 78' lang='lat' dir='ltr'>nuno</span> <span class='ocrx_word' id='word_1_152' title='bbox 355 2129 507 2178; x_wconf 79' lang='lat' dir='ltr'>est&#39;munitus&#39;</span> <span class='ocrx_word' id='word_1_153' title='bbox 515 2129 587 2178; x_wconf 70' lang='lat' dir='ltr'>satist</span> 
     </span>
     <span class='ocr_line' id='line_1_28' title="bbox 65 2195 539 2251; baseline -0.002 -6"><span class='ocrx_word' id='word_1_154' title='bbox 65 2197 93 2246; x_wconf 82' lang='lat' dir='ltr'>si</span> <span class='ocrx_word' id='word_1_155' title='bbox 104 2211 157 2245; x_wconf 84' lang='lat' dir='ltr'>vero</span> <span class='ocrx_word' id='word_1_156' title='bbox 167 2195 259 2244; x_wconf 68' lang='lat' dir='ltr'>messit</span> <span class='ocrx_word' id='word_1_157' title='bbox 268 2195 397 2244; x_wconf 89' lang='lat' dir='ltr'>consiliator</span> <span class='ocrx_word' id='word_1_158' title='bbox 405 2195 539 2251; x_wconf 59' lang='lat' dir='ltr'>maleficum</span> 
     </span>
     <span class='ocr_line' id='line_1_29' title="bbox 65 2256 597 2324; baseline -0.009 -14"><span class='ocrx_word' id='word_1_159' title='bbox 65 2260 110 2310; x_wconf 79' lang='lat' dir='ltr'>vis</span> <span class='ocrx_word' id='word_1_160' title='bbox 121 2269 145 2309; x_wconf 85' lang='lat' dir='ltr'>et</span> <span class='ocrx_word' id='word_1_161' title='bbox 154 2260 257 2324; x_wconf 84' lang='lat' dir='ltr'>nequitia</span> <span class='ocrx_word' id='word_1_162' title='bbox 282 2258 381 2322; x_wconf 81' lang='lat' dir='ltr'>ru&#39;dquid</span> <span class='ocrx_word' id='word_1_163' title='bbox 420 2267 531 2322; x_wconf 82' lang='lat' dir='ltr'>pugnant,</span> <span class='ocrx_word' id='word_1_164' title='bbox 543 2256 597 2306; x_wconf 84' lang='lat' dir='ltr'>ruit.</span> 
     </span>
     <span class='ocr_line' id='line_1_30' title="bbox 98 2322 612 2388; baseline -0.01 -15"><span class='ocrx_word' id='word_1_165' title='bbox 98 2323 188 2388; x_wconf 86' lang='lat' dir='ltr'>Aquila</span> <span class='ocrx_word' id='word_1_166' title='bbox 197 2323 222 2371; x_wconf 94' lang='lat' dir='ltr'>in</span> <span class='ocrx_word' id='word_1_167' title='bbox 232 2325 291 2373; x_wconf 81' lang='lat' dir='ltr'>uub‘</span> <span class='ocrx_word' id='word_1_168' title='bbox 318 2339 368 2371; x_wconf 88' lang='lat' dir='ltr'>esu</span> <span class='ocrx_word' id='word_1_169' title='bbox 415 2324 433 2371; x_wconf 83' lang='lat' dir='ltr'>&#39;t</span> <span class='ocrx_word' id='word_1_170' title='bbox 443 2322 612 2371; x_wconf 82' lang='lat' dir='ltr'>Testudinemr</span> 
     </span>
     <span class='ocr_line' id='line_1_31' title="bbox 65 2385 734 2450; baseline -0.009 -13"><span class='ocrx_word' id='word_1_171' title='bbox 65 2389 130 2450; x_wconf 78' lang='lat' dir='ltr'>Quas</span> <span class='ocrx_word' id='word_1_172' title='bbox 137 2403 191 2436; x_wconf 86' lang='lat' dir='ltr'>cum</span> <span class='ocrx_word' id='word_1_173' title='bbox 202 2388 324 2436; x_wconf 75' lang='lat' dir='ltr'>abdidisset</span> <span class='ocrx_word' id='word_1_174' title='bbox 333 2388 415 2436; x_wconf 78' lang='lat' dir='ltr'>oomni</span> <span class='ocrx_word' id='word_1_175' title='bbox 424 2401 506 2450; x_wconf 86' lang='lat' dir='ltr'>corpus</span> <span class='ocrx_word' id='word_1_176' title='bbox 516 2385 595 2445; x_wconf 89' lang='lat' dir='ltr'>domo,</span> <span class='ocrx_word' id='word_1_177' title='bbox 629 2399 632 2404; x_wconf 91' lang='lat'>·</span> <span class='ocrx_word' id='word_1_178' title='bbox 717 2386 734 2432; x_wconf 78' lang='grc'><strong>5</strong></span> 
     </span>
     <span class='ocr_line' id='line_1_32' title="bbox 65 2451 508 2516; baseline -0.011 -14"><span class='ocrx_word' id='word_1_179' title='bbox 65 2455 140 2502; x_wconf 83' lang='lat' dir='ltr'>Pecto</span> <span class='ocrx_word' id='word_1_180' title='bbox 150 2467 192 2500; x_wconf 87' lang='lat' dir='ltr'>nec</span> <span class='ocrx_word' id='word_1_181' title='bbox 201 2452 250 2506; x_wconf 86' lang='lat' dir='ltr'>ullo</span> <span class='ocrx_word' id='word_1_182' title='bbox 259 2452 313 2500; x_wconf 79' lang='lat' dir='ltr'>lsdi</span> <span class='ocrx_word' id='word_1_183' title='bbox 322 2459 399 2516; x_wconf 85' lang='lat' dir='ltr'>posset</span> <span class='ocrx_word' id='word_1_184' title='bbox 408 2451 508 2510; x_wconf 82' lang='lat' dir='ltr'>condita,</span> 
     </span>
     <span class='ocr_line' id='line_1_33' title="bbox 64 2514 624 2581; baseline -0.011 -14"><span class='ocrx_word' id='word_1_185' title='bbox 64 2517 141 2568; x_wconf 84' lang='lat' dir='ltr'>Venit</span> <span class='ocrx_word' id='word_1_186' title='bbox 150 2532 191 2581; x_wconf 86' lang='lat' dir='ltr'>per</span> <span class='ocrx_word' id='word_1_187' title='bbox 201 2532 268 2564; x_wconf 85' lang='lat' dir='ltr'>auras</span> <span class='ocrx_word' id='word_1_188' title='bbox 277 2516 356 2578; x_wconf 59' lang='lat' dir='ltr'>comm</span> <span class='ocrx_word' id='word_1_189' title='bbox 366 2532 373 2562; x_wconf 72' lang='grc' dir='ltr'>ι</span> <span class='ocrx_word' id='word_1_190' title='bbox 391 2523 422 2575; x_wconf 84' lang='lat' dir='ltr'>et,</span> <span class='ocrx_word' id='word_1_191' title='bbox 433 2523 525 2578; x_wconf 83' lang='lat' dir='ltr'>propter</span> <span class='ocrx_word' id='word_1_192' title='bbox 535 2514 624 2572; x_wconf 83' lang='lat' dir='ltr'>volans,</span> 
     </span>
     <span class='ocr_line' id='line_1_34' title="bbox 64 2577 633 2646; baseline -0.007 -17"><span class='ocrx_word' id='word_1_193' title='bbox 64 2585 84 2612; x_wconf 87' lang='lat'>“</span> <span class='ocrx_word' id='word_1_194' title='bbox 96 2581 210 2646; x_wconf 84' lang='lat' dir='ltr'>Opimam</span> <span class='ocrx_word' id='word_1_195' title='bbox 221 2595 276 2629; x_wconf 87' lang='lat' dir='ltr'>sane</span> <span class='ocrx_word' id='word_1_196' title='bbox 285 2580 386 2644; x_wconf 73' lang='lat' dir='ltr'>prodam</span> <span class='ocrx_word' id='word_1_197' title='bbox 396 2578 492 2642; x_wconf 86' lang='lat' dir='ltr'>rapuisti</span> <span class='ocrx_word' id='word_1_198' title='bbox 501 2577 633 2640; x_wconf 76' lang='lat' dir='ltr'>unguibusr</span> 
     </span>
     <span class='ocr_line' id='line_1_35' title="bbox 64 2641 624 2708; baseline 0.004 -13"><span class='ocrx_word' id='word_1_199' title='bbox 64 2646 122 2708; x_wconf 71' lang='lat' dir='ltr'>Sul,</span> <span class='ocrx_word' id='word_1_200' title='bbox 134 2645 180 2694; x_wconf 86' lang='lat' dir='ltr'>nisi</span> <span class='ocrx_word' id='word_1_201' title='bbox 189 2645 317 2699; x_wconf 68' lang='lat' dir='ltr'>mombi&#39;ro</span> <span class='ocrx_word' id='word_1_202' title='bbox 327 2643 384 2707; x_wconf 85' lang='lat' dir='ltr'>quid</span> <span class='ocrx_word' id='word_1_203' title='bbox 392 2643 424 2692; x_wconf 60' lang='lat' dir='ltr'>,sit</span> <span class='ocrx_word' id='word_1_204' title='bbox 433 2642 563 2702; x_wconf 53' lang='lat' dir='ltr'>fouendum</span> <span class='ocrx_word' id='word_1_205' title='bbox 573 2641 624 2701; x_wconf 61' lang='lat' dir='ltr'>fibi,</span> 
     </span>
    </p>
   </div>
   <div class='ocr_carea' id='block_1_6' title="bbox 0 0 890 3026">
    <p class='ocr_par' dir='ltr' id='par_1_17' title="bbox 0 0 890 3026">
     <span class='ocr_line' id='line_1_36' title="bbox 0 0 890 3026; baseline 0 0"><span class='ocrx_word' id='word_1_206' title='bbox 0 0 890 3026; x_wconf 95' lang='lat' dir='ltr'> </span> 
     </span>
    </p>
   </div>
  </div>
 </body>
</html>
