1808 3012
192 129 321 196 nsum
338 143 617 198 tenerrimum.
709 151 740 204 er

58 254 161 321 imore
171 273 257 322 eunus
268 283 333 324 enat
342 273 413 336 reem,
425 277 466 340 qur
473 276 539 325 esee.
694 277 739 324 ee
762 297 763 302 =

63 336 142 385 Amor
152 338 243 386 misceri
253 354 307 386 cum
318 340 399 388 timore
409 355 456 388 non
467 347 549 404 potest.

61 401 156 449 Animo
165 401 252 450 dolenti
262 403 321 470 nihii
332 413 421 467 oportet
431 405 527 454 medere

61 464 140 525 Anus,
150 481 204 514 eum
214 467 283 526 ludit,
294 469 363 516 morti
373 468 465 517 delicies
475 469 537 518 feeit.
692 487 695 490 ·
705 470 737 516 25

60 529 151 593 Aperte
161 531 224 579 mels
234 547 287 580 cum
298 541 332 580 est
342 533 434 594 mulier,
446 541 497 580 tum
508 533 603 582 demum
613 539 647 582 eet
657 534 725 582 bons.

60 594 141 643 Avaro
152 595 210 658 quid
219 597 276 644 medi
287 606 360 660 optes,
371 597 416 646 nisi
427 601 445 627 “
456 598 529 646 Vives
539 597 580 646 diu
588 597 617 647 i''

59 658 170 706 svamm
180 657 247 726 facile
256 661 340 725 eapite,
352 662 393 710 ubi
403 676 450 710 non
461 663 492 711 sis
502 661 571 710 idem.

59 722 156 770 Avarus
166 724 258 772 enimus
269 727 335 774 nullo
346 727 441 775 satietur
450 728 522 775 lucro.

60 786 167 845 Avarus,
178 787 224 835 nisi
234 804 288 836 eum
299 790 404 849 moritur,
415 792 449 838 nil
459 800 519 839 reete
528 791 591 840 feeit.
702 793 734 841 3⁰

58 851 111 900 Aut
121 859 187 899 amet
197 861 238 900 sut
249 853 297 900 odit
306 853 405 901 muliere
422 855 482 902 nihil
492 863 526 902 eet
536 857 636 904 tertium.

57 915 159 963 Auxilia
168 915 267 964 humilis
277 917 344 964 firme
355 931 476 965 cousensus
486 917 548 966 fecit.

57 979 124 1028 Bene
135 980 243 1042 cogitate,
252 981 272 1028 si
282 981 399 1040 excidunt,
411 996 457 1030 nun
468 982 581 1031 oceiduut.

56 1043 121 1093 Bene
132 1044 226 1099 demut,
237 1045 279 1110 qui
289 1060 336 1092 non
346 1046 423 1106 sentit,
435 1061 506 1110 quam
516 1047 577 1095 male
587 1046 692 1096 dunniet.

55 1107 174 1157 Beneficia
184 1109 253 1172 plura
264 1111 352 1174 recipit,
365 1111 407 1174 qui
418 1111 460 1159 stit
469 1110 570 1160 reddere.
698 1112 731 1160 ³5

55 1172 201 1222 Beneficium
211 1173 321 1236 accipere,
331 1175 459 1223 libertatem
471 1183 504 1222 est
515 1175 619 1224 vendere.

55 1237 202 1286 Beneficium
211 1238 288 1286 dendo
298 1240 393 1302 accepit,
405 1240 446 1303 qui
457 1239 527 1302 digno
538 1239 608 1288 dedit

54 1301 200 1350 Beneficium
211 1302 288 1366 dignis
298 1303 339 1351 ubi
349 1302 397 1363 des,
409 1319 488 1352 omnes
499 1303 593 1366 obliges.

53 1365 200 1415 Beneficium
211 1367 265 1415 dare
275 1367 317 1431 qui
328 1368 406 1425 nescit,
418 1367 503 1430 injuste
513 1367 576 1431 petit

54 1429 200 1478 Beneficium
211 1431 252 1494 qui
263 1431 351 1480 dedisse
361 1448 386 1481 se
396 1433 459 1493 dicit,
471 1433 536 1497 petit.
697 1434 730 1482 tt

53 1494 200 1556 Beneficium
211 1495 344 1558 sepedum,
355 1497 435 1546 dooere
446 1507 480 1546 est
490 1497 591 1547 reddere.
623 1501 624 1504 ’

50 1557 120 1607 'Bene
130 1557 206 1622 perdis
216 1560 336 1622 gaudium.
347 1563 388 1609 ubi
398 1562 463 1613 dolor
473 1563 557 1626 pariter
567 1563 634 1627 perit.

53 1623 119 1672 Bene
125 1622 201 1686 perdit
210 1639 328 1683 nummos,
338 1625 411 1687 judici
422 1642 480 1691 quos
491 1627 531 1674 det
540 1641 631 1676 noeens.

53 1687 119 1736 Bene
130 1687 229 1747 visitis,
240 1690 282 1752 qui
292 1690 376 1751 potuit,
388 1706 442 1738 eum
453 1691 535 1750 voluit,
548 1691 615 1739 mori.

53 1751 95 1800 Bis
104 1752 177 1800 emori
188 1762 230 1813 est,
242 1753 335 1801 alterius
345 1754 438 1802 arbitrio
449 1754 515 1800 mori.
693 1755 725 1804 te

52 1815 95 1864 Bis
104 1825 198 1892 gratum
206 1826 248 1876 est,
259 1817 323 1882 quud
333 1817 387 1864 dato
397 1833 455 1880 opus
465 1824 508 1874 est,
519 1815 582 1864 ultro
591 1816 611 1864 si
621 1816 709 1867 offeret.

51 1880 94 1930 Bis
104 1880 253 1942 interimitur,
264 1882 306 1946 qui
316 1882 363 1930 suis
373 1881 443 1928 ermis
453 1879 519 1943 perit.

50 1945 93 1994 Bis
103 1960 192 2010 pem,
204 1961 258 1994 eum
269 1945 372 2010 peeeeuti
381 1944 518 2009 obsequium
527 1944 693 1994 steummodes.

51 2009 94 2059 Bis
104 2009 184 2070 vineit,
196 2011 237 2074 qui
247 2026 271 2058 se
281 2009 352 2058 vineit
361 2007 497 2060 in‘vietorii.
558 2049 566 2056 „

48 2072 178 2133 Blanditiis,
189 2089 236 2123 non
246 2075 352 2136 imperio,
364 2074 392 2122 fit
402 2074 475 2123 duleis
486 2075 575 2125 Venus·
647 2098 651 2102 ·
690 2075 723 2123 50

50 2137 119 2194 Bene
129 2147 247 2203 eompsrst
256 2138 363 2202 presidia
373 2139 534 2188 misericordis.

49 2201 118 2251 Bous
128 2201 192 2250 fame
200 2203 334 2251 intenebris
344 2205 463 2268 proprium
474 2204 618 2269 splendorem
628 2203 724 2253 obtinet.

48 2265 118 2316 Bone
128 2270 191 2314 mers
202 2276 236 2316 eet
246 2267 329 2327 omum,
341 2269 395 2316 rite
405 2285 458 2332 quse
468 2269 594 2332 exstinguit
603 2267 675 2317 mele.

48 2330 117 2379 Bone
127 2331 216 2380 nemini
226 2332 283 2380 hors
293 2340 335 2392 eet,
347 2341 374 2380 ut
384 2347 431 2381 non
442 2332 511 2381 elicui
522 2333 552 2381 sit
562 2331 632 2381 muls-

47 2394 258 2445 Benerumrerum
268 2397 570 2461 consuetudoest'pessims.
690 2399 722 2446 tt

46 2459 163 2508 Benitetis
173 2463 244 2509 verbe
254 2461 348 2520 imitari,
359 2462 433 2523 major
440 2461 529 2510 melitis
539 2468 580 2509 est.

46 2523 169 2572 Bonorum
179 2525 267 2574 crimen
278 2533 312 2574 est
319 2525 433 2576 officiosus
442 2526 520 2574 miser.

45 2587 142 2637 Bonum
151 2588 183 2636 sd
193 2589 270 2638 virum
280 2590 325 2638 cito
335 2589 433 2640 moritur
442 2589 568 2640 uerendis

44 2651 141 2704 Bonum
151 2661 186 2704 est
195 2653 306 2719 fugiende
316 2653 433 2720 adspicere
443 2655 469 2704 in
476 2655 554 2706 'eliens
564 2654 635 2705 melo·

605 2731 624 2766 x
