1808 3012
172 159 219 210 102
290 155 320 204 Ρ.
338 154 419 208 SYRl
435 151 654 206 summm.
669 152 726 203 212.

170 287 302 338 Psrroonrm
311 284 445 349 improbius
455 283 567 333 universis
576 281 702 332 colonius.
798 279 844 328 212

171 352 296 401 Pecoetum
308 357 425 408 extenuet,
437 348 478 413 qui
489 348 590 397 celeriter
600 346 700 410 corrigit.

169 417 253 478 Peiore
263 416 359 480 querulo
369 414 454 477 cogitet
463 421 542 461 mutus
553 412 625 460 dolor.

171 481 295 544 Perrirgerc
305 479 483 537 sdinicriorem,
495 493 520 526 ce
529 477 607 540 ipsum
617 485 653 524 est
662 475 760 524 trudon.
798 473 844 522 215

171 545 261 593 Pericle
270 543 374 604 timidus,
386 543 519 605 etiamque
530 555 576 588 non
587 549 650 600 sunt,
662 540 732 592 videt·

171 609 258 672 Populi
268 617 302 656 est
312 606 462 670 mancipium,
469 605 574 669 quisquis
580 605 660 668 petrin
670 613 705 653 ert
714 603 788 652 utrlis.

173 673 230 724 Post
240 671 402 730 calamitatem,
414 669 525 718 memoris
535 670 581 718 elie
590 678 624 717 eet
634 667 762 718 oelsmitu.

172 737 261 788 Potens,
269 736 396 790 misericors
405 735 498 798 publico
508 744 542 784 eet
549 734 650 782 felicitas.

172 801 266 850 Potenti
276 800 350 862 besti,
362 799 406 848 sibi
416 799 527 862 periclum
536 807 571 847 est
581 815 688 862 querere.
797 797 847 846 22⁰

172 866 277 915 Presens
287 875 321 914 est
331 880 430 930 semper,
441 863 482 927 qui
493 865 575 912 absens
583 863 652 912 etism
663 861 788 913 ulciscitur.

173 929 243 978 Prius
253 939 363 994 negetura
373 938 426 994 post
434 929 521 987 iecioee,
533 936 566 976 est
580 928 667 978 fellere.

172 994 263 1046 Probus
273 995 368 1044 libertus
379 993 516 1042 sinensturi
526 1001 560 1040 est
570 992 639 1042 iilius.

173 1057 253 1108 Pudor
262 1060 370 1107 dimissus
380 1073 500 1122 nunquam
510 1056 569 1105 redit
578 1057 604 1104 in
613 1057 719 1120 grsu'sm.

172 1123 253 1172 Pudor
263 1124 339 1172 doceri
348 1137 397 1172 non
405 1132 488 1187 potest,
501 1121 562 1170 nesci
571 1129 653 1184 potest.
715 1155 718 1168 t
797 1123 845 1170 mo

172 1187 282 1264 Pupillus
291 1187 391 1236 hominis
401 1187 464 1236 ovidi
475 1193 510 1234 est
519 1185 592 1234 aetstis
602 1186 687 1236 brevis.

172 1252 295 1317 Quidquid
305 1252 412 1302 firmium
422 1259 456 1299 est
465 1265 593 1309 summum,
604 1252 634 1298 ab
644 1250 693 1299 imo
703 1249 815 1300 mocimr.

172 1315 223 1374 Qui
233 1333 275 1380 pro
285 1317 405 1364 innocente
414 1316 478 1375 dicit,
489 1315 543 1364 setis
553 1323 588 1362 est
598 1315 713 1380 eloquens·

173 1378 224 1438 Qui
232 1381 314 1443 seipse
323 1381 409 1436 laudet,
419 1381 463 1428 tito
473 1379 596 1428 derisorem
606 1379 701 1428 invenit

173 1442 245 1502 Quod
256 1453 310 1491 aetes
321 1443 403 1494 vitium
414 1444 499 1506 posuit,
506 1452 560 1492 retes
571 1442 665 1496 euicta.
699 1445 701 1450 ’
798 1445 849 1502 23⁰,

174 1505 246 1565 Quod
256 1507 354 1570 quicque
364 1515 434 1566 emet,
445 1507 563 1556 laudando
572 1508 718 1558 commerdet
727 1507 782 1558 sssri.

173 1570 245 1629 Quod
256 1571 314 1630 vult,
325 1569 404 1631 babet,
415 1571 456 1635 qui
467 1571 534 1632 velle,
545 1573 607 1635 quod
618 1573 672 1622 setis
682 1581 724 1634 est,
735 1581 820 1636 potet.

174 1633 285 1693 Quotidie
295 1635 427 1696 damnetur,
438 1636 479 1700 qui
490 1651 579 1700 semper
589 1637 662 1686 timet.
817 1637 820 1646 ¹

173 1698 285 1758 Quotidie
294 1709 328 1750 est
338 1699 434 1750 deterior
443 1700 553 1766 posterior
563 1701 619 1749 dies.

174 1763 265 1813 Rerum
276 1781 323 1814 esse
330 1773 427 1829 oportet,
439 1767 501 1830 quod
512 1766 553 1814 diu
564 1781 642 1814 oerum
653 1765 717 1814 velis.
797 1767 848 1822 285,

172 1828 312 1879 Remedium
322 1831 408 1880 frustra
417 1840 452 1880 est
462 1840 541 1879 conns
550 1830 640 1878 fulmen
650 1845 760 1894 querere.

173 1894 277 1958 Sapiens,
288 1895 352 1959 quod
361 1896 456 1958 petitur,
467 1895 508 1944 ubi
518 1903 586 1952 tecet,
597 1895 695 1944 breviter
703 1901 781 1958 nepot.

173 1959 263 2010 Secreto
273 1960 358 2010 amicos
368 1959 475 2017 admone,
485 1960 556 2008 leudo
565 1959 652 2022 pelam.

173 2023 223 2072 Sibi
232 2024 282 2086 ipse
292 2023 427 2087 improbitas
437 2023 497 2086 cogit
508 2023 556 2072 fieri
565 2023 683 2085 injurium.

173 2087 223 2135 Sibi
233 2087 282 2150 ipse
292 2088 332 2135 dot
342 2088 490 2150 supplicium,
501 2103 572 2152 quem
582 2087 676 2137 admissi
685 2088 765 2153 pudet.
798 2089 846 2138 24⁰

172 2152 236 2200 Solet
246 2167 302 2212 esse,
310 2151 335 2199 in
346 2151 430 2213 dubiis,
439 2168 481 2216 pro
491 2151 584 2200 oonsilio
595 2153 716 2201 temeritas.

173 2216 235 2264 Tem
243 2216 306 2265 deest
316 2231 392 2275 emec,
401 2216 464 2280 quod
471 2217 549 2274 hebet,
560 2232 631 2280 quem
642 2217 705 2281 quod
715 2231 763 2266 non
769 2217 846 2268 hebet.

174 2280 283 2334 Timidus
294 2289 359 2329 vocet
369 2296 393 2330 se
403 2290 507 2338 cautum,
518 2296 614 2346 percum
624 2281 736 2330 sordidus.

173 2343 222 2392 Ubi
232 2353 310 2408 peccet
321 2354 375 2394 ectus
385 2348 467 2407 major,
478 2347 540 2394 mele
549 2345 616 2393 discit
626 2345 709 2400 minor.

174 2407 282 2474 ¹Veterem
292 2409 385 2460 ferendo
395 2410 513 2473 injurium,
524 2410 606 2460 invites
615 2425 707 2478 novem.
795 2412 846 2461 ult
