1772 3026
202 197 490 254 numentinum.
666 196 699 252 au

169 396 172 400 ¹
257 331 400 383 rusum
416 332 464 383 1v.
492 311 493 316 ’

163 423 266 523 AErepat
276 461 401 526 interpres
414 463 566 511 Testamenti.

15 593 85 642 Plus
95 604 147 638 esse
157 588 182 636 in
192 601 240 636 uno
250 603 319 654 sape,
331 605 402 654 quam
413 590 438 638 iu
449 589 526 652 turbd‚
536 590 601 652 boui,

14 654 165 706 Narratione
252 653 368 702 'undam
380 655 450 704 brevi.
674 665 681 678 ’

56 718 163 778 Quidam
190 717 283 765 eosdem
293 726 339 766 tres
349 719 443 784 reliquit
453 719 528 777 filiast

14 785 105 834 Unam
116 783 249 842 formosam,
260 789 283 830 et
293 782 365 831 oculis
376 793 498 832 venantem
508 784 584 843 virore

15 849 59 897 At
70 849 166 896 alteram
176 845 300 906 lanifieam,
312 846 550 910 humamanam
682 850 699 896 b

18 913 143 961 Devotam
154 910 320 968 virontiam,
332 919 355 957 es
365 911 529 974 turpissimam.

18 977 120 1024 Harum
130 983 209 1023 autem
218 982 318 1021 matrem
328 973 382 1020 feeit
391 975 506 1022 haerodem
517 991 586 1024 senex

18 1043 76 1090 Sub
88 1039 225 1093 oonditione
238 1045 311 1085 totam
321 1045 348 1084 ut
358 1037 476 1086 fortunam
486 1038 559 1088 tribus

18 1103 159 1168 AEqualiter
169 1101 299 1161 distribuat,
310 1101 350 1150 sed
360 1103 403 1150 tali
412 1102 496 1152 modo:

16 1171 62 1218 Ne
73 1168 129 1216 data
138 1167 268 1231 possideant
279 1173 320 1213 aut
329 1165 450 1226 fruantur3
467 1176 527 1229 tum,
538 1167 609 1217 simul
664 1168 694 1216 1⁰

19 1235 122 1282 Habere
131 1246 167 1280 res
177 1230 286 1279 desierint
296 1245 354 1294 quas
364 1232 500 1296 acceperint,

20 1299 131 1347 Centena
140 1295 210 1343 matri
220 1295 337 1343 conferent
347 1297 455 1344 sestertia.

18 1361 133 1410 Athenas
143 1374 222 1407 rumor
231 1357 321 1422 implet.
345 1360 424 1408 Mater
434 1361 513 1410 sedula

18 1427 42 1475 J
43 1423 178 1488 urisperitos
187 1423 293 1471 eonsulin
316 1424 395 1473 Nemo
406 1425 505 1489 expedit,
581 1483 583 1489 k

20 1491 81 1550 Quo
91 1495 160 1552 paeto
170 1501 216 1535 nun
227 1485 357 1550 possideant
366 1490 429 1552 quod
439 1489 509 1539 fuerit
518 1491 609 1552 datum,
668 1492 698 1539 15
776 1525 779 1532 ,

20 1555 169 1602 Fructumve
179 1551 285 1616 eapiant;
302 1551 392 1614 deinde,
404 1570 457 1618 quae
467 1555 588 1604 habuerint
598 1555 665 1616 nihil,

21 1617 138 1679 Quinam
148 1616 235 1664 ratione
245 1615 362 1664 nommant
377 1619 506 1681 pecuniam.

22 1683 156 1746 Postquam
166 1687 286 1728 oonaomta
296 1687 330 1728 est
339 1683 448 1745 temporis
457 1683 522 1747 longi
531 1697 606 1744 mora,

24 1749 79 1795 Nee
89 1744 221 1794 testmnenti
230 1744 306 1808 potuit
316 1759 395 1792 sensus
406 1746 483 1808 colligi
491 1764 499 1804 ς

24 1810 112 1859 Fidem
123 1809 249 1864 advocavit.
258 1810 311 1870 jure
321 1809 432 1872 neglecto,
443 1825 533 1873 parens.
666 1811 698 1858 20

25 1875 125 1939 Seponit
134 1873 229 1922 mecha
239 1881 334 1932 vatem,
345 1872 461 1920 mundum
471 1874 617 1936 muliebrem,

26 1939 181 1987 lavationem
192 1946 332 2001 argentam,
344 1936 460 1984 esmuehos
470 1937 577 2000 glabrum

28 2004 141 2052 lanifica
151 2001 246 2065 agellos,
257 2015 345 2080 pepora,
356 2001 445 2060 villam,
456 2001 578 2066 ommrios,

27 2068 116 2128 Boves,
125 2069 239 2129 jumenta,
252 2075 275 2114 et
284 2073 463 2114 instrumentum
473 2075 584 2116 rusticum
593 2081 602 2124 ς

28 2132 116 2181 Potrici
125 2131 219 2195 plenam
229 2131 330 2195 antiquis
341 2131 473 2196 apothecam
485 2131 554 2190 cadis,
666 2131 698 2178 25

29 2196 137 2244 Domum
148 2193 254 2260 politam,
266 2203 289 2243 et
298 2194 406 2244 densatos
416 2196 527 2245 hortulos.

30 2261 69 2309 Sic
79 2261 192 2309 dannan
201 2258 256 2307 dare
266 2275 320 2308 eum
330 2261 400 2309 vellet
410 2260 514 2324 singulis,

30 2326 64 2373 Et
71 2326 207 2389 approbaret
217 2325 326 2387 pupulus,
338 2325 378 2389 qui
386 2323 437 2373 illas
447 2334 555 2383 noverats

31 2391 135 2488 AEsopus
145 2386 222 2438 mouit
231 2389 307 2437 subito
316 2389 342 2436 in
352 2389 421 2437 turbd
431 2390 548 2437 constitit:

33 2453 98 2504 “0.
117 2453 249 2501 simaueret
258 2453 349 2501 eondito
360 2454 518 2516 sensuspatri‚
667 2452 699 2500 ³⁰

33 2518 113 2578 Quam
123 2515 223 2580 graviter
233 2516 309 2576 ferret,
320 2516 383 2594 quod
393 2517 535 2565 voluntatem
544 2531 611 2572 stram

34 2580 181 2647 Interpretari
191 2595 238 2628 non
248 2589 364 2644 potuerunt
373 2579 448 2627 Attici
456 2580 482 2628 1⁹³

35 2647 139 2710 Rogatm
149 2644 241 2704 danda
252 2646 320 2694 solvit
329 2657 426 2694 errorem
433 2644 553 2694 omniumr

37 2715 55 2742 “
66 2711 171 2760 Domum
181 2717 205 2758 et
214 2717 357 2769 ornamenta,
367 2722 422 2757 cum
431 2709 533 2759 renuam
542 2707 646 2763 hortulis,

427 2857 441 2891 i
