<?xml version="1.0" encoding="UTF-8"?>
<!DOCTYPE html PUBLIC "-//W3C//DTD XHTML 1.0 Transitional//EN"
    "http://www.w3.org/TR/xhtml1/DTD/xhtml1-transitional.dtd">
<html xmlns="http://www.w3.org/1999/xhtml" xml:lang="en" lang="en">
 <head>
  <title>
</title>
<meta http-equiv="Content-Type" content="text/html;charset=utf-8" />
  <meta name='ocr-system' content='tesseract 3.04.00' />
  <meta name='ocr-capabilities' content='ocr_page ocr_carea ocr_par ocr_line ocrx_word'/>
</head>
<body>
  <div class='ocr_page' id='page_1' title='image "./phaedriavianial00publgoog_0070.png"; bbox 0 0 1772 3026; ppageno 0'>
   <div class='ocr_carea' id='block_1_1' title="bbox 241 109 757 173">
    <p class='ocr_par' dir='ltr' id='par_1_1' title="bbox 241 109 757 173">
     <span class='ocr_line' id='line_1_1' title="bbox 241 109 757 173; baseline -0.012 -5"><span class='ocrx_word' id='word_1_1' title='bbox 241 167 244 173; x_wconf 84' lang='grc'><strong>,</strong></span> <span class='ocrx_word' id='word_1_2' title='bbox 290 119 471 168; x_wconf 80' lang='lat' dir='ltr'>PHAEDRUS.</span> <span class='ocrx_word' id='word_1_3' title='bbox 488 117 520 168; x_wconf 83' lang='lat' dir='ltr'>V.</span> <span class='ocrx_word' id='word_1_4' title='bbox 537 119 560 166; x_wconf 74' lang='lat'>55.</span> <span class='ocrx_word' id='word_1_5' title='bbox 654 109 656 114; x_wconf 69' lang='grc'><strong>’</strong></span> <span class='ocrx_word' id='word_1_6' title='bbox 726 116 757 170; x_wconf 71' lang='lat'>52</span> 
     </span>
    </p>
   </div>
   <div class='ocr_carea' id='block_1_2' title="bbox 83 244 761 1792">
    <p class='ocr_par' dir='ltr' id='par_1_2' title="bbox 83 244 759 378">
     <span class='ocr_line' id='line_1_2' title="bbox 83 244 759 312; baseline -0.012 -14"><span class='ocrx_word' id='word_1_7' title='bbox 83 250 213 299; x_wconf 85' lang='lat' dir='ltr'>Silentium</span> <span class='ocrx_word' id='word_1_8' title='bbox 223 247 272 312; x_wconf 77' lang='lat' dir='ltr'>ipse</span> <span class='ocrx_word' id='word_1_9' title='bbox 281 249 336 298; x_wconf 80' lang='lat' dir='ltr'>lecit</span> <span class='ocrx_word' id='word_1_10' title='bbox 346 247 491 312; x_wconf 66' lang='lat' dir='ltr'>exspectatio.</span> <span class='ocrx_word' id='word_1_11' title='bbox 683 253 695 280; x_wconf 70' lang='lat' dir='ltr'><em>s</em></span> <span class='ocrx_word' id='word_1_12' title='bbox 730 244 759 290; x_wconf 84' lang='grc'>15</span> 
     </span>
     <span class='ocr_line' id='line_1_3' title="bbox 83 313 550 378; baseline -0.004 -16"><span class='ocrx_word' id='word_1_13' title='bbox 83 315 133 362; x_wconf 90' lang='lat' dir='ltr'>Ille</span> <span class='ocrx_word' id='word_1_14' title='bbox 143 315 169 362; x_wconf 93' lang='lat' dir='ltr'>in</span> <span class='ocrx_word' id='word_1_15' title='bbox 180 313 256 362; x_wconf 88' lang='lat' dir='ltr'>sinum</span> <span class='ocrx_word' id='word_1_16' title='bbox 267 324 360 378; x_wconf 83' lang='lat' dir='ltr'>repente</span> <span class='ocrx_word' id='word_1_17' title='bbox 371 313 462 362; x_wconf 79' lang='lat' dir='ltr'><strong>demisit</strong></span> <span class='ocrx_word' id='word_1_18' title='bbox 472 321 550 376; x_wconf 79' lang='lat' dir='ltr'>ceput,</span> 
     </span>
    </p>

    <p class='ocr_par' dir='ltr' id='par_1_3' title="bbox 83 375 580 442">
     <span class='ocr_line' id='line_1_4' title="bbox 83 375 580 442; baseline -0.006 -15"><span class='ocrx_word' id='word_1_19' title='bbox 83 380 120 427; x_wconf 87' lang='lat' dir='ltr'>Et</span> <span class='ocrx_word' id='word_1_20' title='bbox 132 379 165 427; x_wconf 90' lang='lat' dir='ltr'>sic</span> <span class='ocrx_word' id='word_1_21' title='bbox 175 377 270 442; x_wconf 88' lang='lat' dir='ltr'>porcelli</span> <span class='ocrx_word' id='word_1_22' title='bbox 280 393 358 426; x_wconf 84' lang='lat' dir='ltr'>vocem</span> <span class='ocrx_word' id='word_1_23' title='bbox 370 386 405 426; x_wconf 88' lang='lat' dir='ltr'>est</span> <span class='ocrx_word' id='word_1_24' title='bbox 414 377 518 426; x_wconf 76' lang='lat' dir='ltr'>imitatus</span> <span class='ocrx_word' id='word_1_25' title='bbox 529 375 580 436; x_wconf 79' lang='lat' dir='ltr'>sui,</span> 
     </span>
    </p>

    <p class='ocr_par' dir='ltr' id='par_1_4' title="bbox 84 442 583 505">
     <span class='ocr_line' id='line_1_5' title="bbox 84 442 583 505; baseline -0.008 -12"><span class='ocrx_word' id='word_1_26' title='bbox 84 443 182 493; x_wconf 88' lang='lat' dir='ltr'>Verum</span> <span class='ocrx_word' id='word_1_27' title='bbox 192 450 220 489; x_wconf 92' lang='lat' dir='ltr'>ut</span> <span class='ocrx_word' id='word_1_28' title='bbox 230 444 322 490; x_wconf 78' lang='lat' dir='ltr'>subesse</span> <span class='ocrx_word' id='word_1_29' title='bbox 332 442 403 505; x_wconf 80' lang='lat' dir='ltr'>pullio</span> <span class='ocrx_word' id='word_1_30' title='bbox 413 442 583 499; x_wconf 73' lang='lat' dir='ltr'>contenderent,</span> 
     </span>
    </p>

    <p class='ocr_par' dir='ltr' id='par_1_5' title="bbox 85 503 575 568">
     <span class='ocr_line' id='line_1_6' title="bbox 85 503 575 568; baseline -0.006 -13"><span class='ocrx_word' id='word_1_31' title='bbox 85 508 122 555; x_wconf 84' lang='lat' dir='ltr'>Et</span> <span class='ocrx_word' id='word_1_32' title='bbox 134 507 212 555; x_wconf 82' lang='lat' dir='ltr'>excuti</span> <span class='ocrx_word' id='word_1_33' title='bbox 220 504 333 568; x_wconf 72' lang='lat' dir='ltr'>juberent</span> <span class='ocrx_word' id='word_1_34' title='bbox 357 504 413 565; x_wconf 86' lang='lat' dir='ltr'>Quo</span> <span class='ocrx_word' id='word_1_35' title='bbox 423 503 493 567; x_wconf 80' lang='lat' dir='ltr'>fecto,</span> <span class='ocrx_word' id='word_1_36' title='bbox 504 506 575 554; x_wconf 87' lang='lat' dir='ltr'>simul</span> 
     </span>
    </p>

    <p class='ocr_par' dir='ltr' id='par_1_6' title="bbox 83 567 759 701">
     <span class='ocr_line' id='line_1_7' title="bbox 84 567 759 634; baseline -0.007 -15"><span class='ocrx_word' id='word_1_37' title='bbox 84 571 160 619; x_wconf 92' lang='lat' dir='ltr'>Nihil</span> <span class='ocrx_word' id='word_1_38' title='bbox 170 579 205 619; x_wconf 84' lang='lat' dir='ltr'>est</span> <span class='ocrx_word' id='word_1_39' title='bbox 214 581 339 634; x_wconf 92' lang='lat' dir='ltr'>repertum,</span> <span class='ocrx_word' id='word_1_40' title='bbox 350 571 432 618; x_wconf 84' lang='lat' dir='ltr'>multis</span> <span class='ocrx_word' id='word_1_41' title='bbox 441 580 537 619; x_wconf 79' lang='lat' dir='ltr'>onerent</span> <span class='ocrx_word' id='word_1_42' title='bbox 546 568 664 627; x_wconf 84' lang='lat' dir='ltr'>leudibus,</span> <span class='ocrx_word' id='word_1_43' title='bbox 727 567 759 614; x_wconf 78' lang='lat'>20</span> 
     </span>
     <span class='ocr_line' id='line_1_8' title="bbox 83 633 657 701; baseline -0.009 -16"><span class='ocrx_word' id='word_1_44' title='bbox 83 635 265 698; x_wconf 83' lang='lat' dir='ltr'>Hominemque</span> <span class='ocrx_word' id='word_1_45' title='bbox 274 637 358 699; x_wconf 84' lang='lat' dir='ltr'>plsusu</span> <span class='ocrx_word' id='word_1_46' title='bbox 367 645 538 701; x_wconf 83' lang='lat' dir='ltr'>prosequuntur</span> <span class='ocrx_word' id='word_1_47' title='bbox 546 633 657 682; x_wconf 78' lang='lat' dir='ltr'>maximo.</span> 
     </span>
    </p>

    <p class='ocr_par' dir='ltr' id='par_1_7' title="bbox 85 696 700 762">
     <span class='ocr_line' id='line_1_9' title="bbox 85 696 700 762; baseline -0.007 -13"><span class='ocrx_word' id='word_1_48' title='bbox 85 700 144 749; x_wconf 87' lang='lat' dir='ltr'>Hoc</span> <span class='ocrx_word' id='word_1_49' title='bbox 154 699 217 748; x_wconf 88' lang='lat' dir='ltr'>videt</span> <span class='ocrx_word' id='word_1_50' title='bbox 227 708 254 747; x_wconf 92' lang='lat' dir='ltr'>ut</span> <span class='ocrx_word' id='word_1_51' title='bbox 264 701 313 748; x_wconf 88' lang='lat' dir='ltr'>lieri</span> <span class='ocrx_word' id='word_1_52' title='bbox 323 701 441 762; x_wconf 82' lang='lat' dir='ltr'>Rusticus,</span> <span class='ocrx_word' id='word_1_53' title='bbox 455 703 472 730; x_wconf 77' lang='lat'>‘⁶</span> <span class='ocrx_word' id='word_1_54' title='bbox 481 701 538 748; x_wconf 90' lang='lat' dir='ltr'>Non</span> <span class='ocrx_word' id='word_1_55' title='bbox 549 696 700 757; x_wconf 81' lang='lat' dir='ltr'>(mehercule)</span> 
     </span>
    </p>

    <p class='ocr_par' dir='ltr' id='par_1_8' title="bbox 85 763 652 828">
     <span class='ocr_line' id='line_1_10' title="bbox 85 763 652 828; baseline -0.002 -16"><span class='ocrx_word' id='word_1_56' title='bbox 85 763 133 812; x_wconf 86' lang='lat' dir='ltr'>Me</span> <span class='ocrx_word' id='word_1_57' title='bbox 144 763 245 824; x_wconf 84' lang='lat' dir='ltr'>vincet,’‘</span> <span class='ocrx_word' id='word_1_58' title='bbox 256 765 346 828; x_wconf 85' lang='lat' dir='ltr'>inquit:</span> <span class='ocrx_word' id='word_1_59' title='bbox 364 774 387 813; x_wconf 85' lang='lat' dir='ltr'>et</span> <span class='ocrx_word' id='word_1_60' title='bbox 397 765 475 812; x_wconf 81' lang='lat' dir='ltr'>stetim</span> <span class='ocrx_word' id='word_1_61' title='bbox 484 764 599 828; x_wconf 82' lang='lat' dir='ltr'>professus</span> <span class='ocrx_word' id='word_1_62' title='bbox 609 770 652 822; x_wconf 81' lang='lat' dir='ltr'>est,</span> 
     </span>
    </p>

    <p class='ocr_par' dir='ltr' id='par_1_9' title="bbox 86 825 542 890">
     <span class='ocr_line' id='line_1_11' title="bbox 86 825 542 890; baseline 0.002 -14"><span class='ocrx_word' id='word_1_63' title='bbox 86 825 159 876; x_wconf 88' lang='lat' dir='ltr'>Idem</span> <span class='ocrx_word' id='word_1_64' title='bbox 169 829 286 876; x_wconf 80' lang='lat' dir='ltr'>facturum</span> <span class='ocrx_word' id='word_1_65' title='bbox 296 828 380 876; x_wconf 87' lang='lat' dir='ltr'>melius</span> <span class='ocrx_word' id='word_1_66' title='bbox 391 844 415 876; x_wconf 88' lang='lat' dir='ltr'>se</span> <span class='ocrx_word' id='word_1_67' title='bbox 424 829 542 890; x_wconf 82' lang='lat' dir='ltr'>postridie.</span> 
     </span>
    </p>

    <p class='ocr_par' dir='ltr' id='par_1_10' title="bbox 85 891 759 1018">
     <span class='ocr_line' id='line_1_12' title="bbox 85 891 759 954; baseline -0.006 -14"><span class='ocrx_word' id='word_1_68' title='bbox 85 892 129 940; x_wconf 81' lang='lat' dir='ltr'>Pit</span> <span class='ocrx_word' id='word_1_69' title='bbox 138 895 208 940; x_wconf 83' lang='lat' dir='ltr'>turbe</span> <span class='ocrx_word' id='word_1_70' title='bbox 217 894 305 954; x_wconf 82' lang='lat' dir='ltr'>mejors</span> <span class='ocrx_word' id='word_1_71' title='bbox 321 893 371 953; x_wconf 84' lang='lat' dir='ltr'>jem</span> <span class='ocrx_word' id='word_1_72' title='bbox 381 892 446 940; x_wconf 79' lang='lat' dir='ltr'>form</span> <span class='ocrx_word' id='word_1_73' title='bbox 455 901 543 940; x_wconf 85' lang='lat' dir='ltr'>mentes</span> <span class='ocrx_word' id='word_1_74' title='bbox 552 900 623 951; x_wconf 86' lang='lat' dir='ltr'>tenet,</span> <span class='ocrx_word' id='word_1_75' title='bbox 727 891 759 936; x_wconf 77' lang='lat'>25</span> 
     </span>
     <span class='ocr_line' id='line_1_13' title="bbox 85 954 540 1018; baseline -0.007 -13"><span class='ocrx_word' id='word_1_76' title='bbox 85 957 123 1005; x_wconf 85' lang='lat' dir='ltr'>Et</span> <span class='ocrx_word' id='word_1_77' title='bbox 131 957 239 1018; x_wconf 72' lang='lat' dir='ltr'>derisum,</span> <span class='ocrx_word' id='word_1_78' title='bbox 251 971 298 1005; x_wconf 94' lang='lat' dir='ltr'>non</span> <span class='ocrx_word' id='word_1_79' title='bbox 309 954 441 1018; x_wconf 67' lang='lat' dir='ltr'>spectaturi,</span> <span class='ocrx_word' id='word_1_80' title='bbox 453 955 540 1004; x_wconf 88' lang='lat' dir='ltr'>sedent.</span> 
     </span>
    </p>

    <p class='ocr_par' dir='ltr' id='par_1_11' title="bbox 84 1017 610 1086">
     <span class='ocr_line' id='line_1_14' title="bbox 84 1017 610 1086; baseline -0.008 -18"><span class='ocrx_word' id='word_1_81' title='bbox 84 1021 194 1085; x_wconf 85' lang='lat' dir='ltr'>Uterque</span> <span class='ocrx_word' id='word_1_82' title='bbox 204 1021 296 1086; x_wconf 72' lang='lat' dir='ltr'>prodite</span> <span class='ocrx_word' id='word_1_83' title='bbox 313 1023 396 1068; x_wconf 75' lang='lat' dir='ltr'>Scurra</span> <span class='ocrx_word' id='word_1_84' title='bbox 406 1019 531 1084; x_wconf 75' lang='lat' dir='ltr'>degrunnit</span> <span class='ocrx_word' id='word_1_85' title='bbox 539 1017 610 1081; x_wconf 87' lang='lat' dir='ltr'>prior,</span> 
     </span>
    </p>

    <p class='ocr_par' dir='ltr' id='par_1_12' title="bbox 85 1084 599 1150">
     <span class='ocr_line' id='line_1_15' title="bbox 85 1084 599 1150; baseline -0.01 -17"><span class='ocrx_word' id='word_1_86' title='bbox 85 1085 219 1150; x_wconf 81' lang='lat' dir='ltr'>Movetque</span> <span class='ocrx_word' id='word_1_87' title='bbox 228 1086 333 1150; x_wconf 76' lang='lat' dir='ltr'>plausus,</span> <span class='ocrx_word' id='word_1_88' title='bbox 345 1091 368 1132; x_wconf 87' lang='lat' dir='ltr'>et</span> <span class='ocrx_word' id='word_1_89' title='bbox 378 1084 487 1132; x_wconf 78' lang='lat' dir='ltr'>demones</span> <span class='ocrx_word' id='word_1_90' title='bbox 498 1084 599 1132; x_wconf 81' lang='lat' dir='ltr'>suscitet</span> 
     </span>
    </p>

    <p class='ocr_par' dir='ltr' id='par_1_13' title="bbox 86 1147 761 1404">
     <span class='ocr_line' id='line_1_16' title="bbox 88 1147 615 1198; baseline -0.008 0"><span class='ocrx_word' id='word_1_91' title='bbox 88 1149 162 1198; x_wconf 80' lang='lat' dir='ltr'>Tunc</span> <span class='ocrx_word' id='word_1_92' title='bbox 172 1151 284 1198; x_wconf 74' lang='lat' dir='ltr'>simulans</span> <span class='ocrx_word' id='word_1_93' title='bbox 294 1165 342 1197; x_wconf 86' lang='lat' dir='ltr'>sese</span> <span class='ocrx_word' id='word_1_94' title='bbox 352 1148 493 1196; x_wconf 84' lang='lat' dir='ltr'>vestimentis</span> <span class='ocrx_word' id='word_1_95' title='bbox 504 1147 615 1195; x_wconf 86' lang='lat' dir='ltr'>Rusticus</span> 
     </span>
     <span class='ocr_line' id='line_1_17' title="bbox 86 1209 761 1324; baseline -0.007 -62"><span class='ocrx_word' id='word_1_96' title='bbox 86 1215 222 1262; x_wconf 83' lang='lat' dir='ltr'>Porcellum</span> <span class='ocrx_word' id='word_1_97' title='bbox 233 1216 338 1277; x_wconf 79' lang='lat' dir='ltr'>obtegere</span> <span class='ocrx_word' id='word_1_98' title='bbox 342 1213 423 1324; x_wconf 54' lang='lat' dir='ltr'>,lim</span> <span class='ocrx_word' id='word_1_99' title='bbox 433 1211 533 1260; x_wconf 78' lang='lat' dir='ltr'>iaciebat</span> <span class='ocrx_word' id='word_1_100' title='bbox 540 1211 633 1269; x_wconf 77' lang='lat' dir='ltr'>scilicet,</span> <span class='ocrx_word' id='word_1_101' title='bbox 728 1209 761 1258; x_wconf 80' lang='lat'>30</span> 
     </span>
     <span class='ocr_line' id='line_1_18' title="bbox 86 1273 648 1342; baseline -0.009 -15"><span class='ocrx_word' id='word_1_102' title='bbox 86 1278 146 1337; x_wconf 88' lang='lat' dir='ltr'>Sed,</span> <span class='ocrx_word' id='word_1_103' title='bbox 157 1279 182 1326; x_wconf 90' lang='lat' dir='ltr'>in</span> <span class='ocrx_word' id='word_1_104' title='bbox 192 1278 267 1342; x_wconf 89' lang='lat' dir='ltr'>priore</span> <span class='ocrx_word' id='word_1_105' title='bbox 277 1277 333 1342; x_wconf 81' lang='lat' dir='ltr'>quie</span> <span class='ocrx_word' id='word_1_106' title='bbox 360 1278 366 1287; x_wconf 85' lang='lat'><strong>‘</strong></span> <span class='ocrx_word' id='word_1_107' title='bbox 388 1285 552 1340; x_wconf 79' lang='lat' dir='ltr'>compererant,</span> <span class='ocrx_word' id='word_1_108' title='bbox 564 1273 648 1337; x_wconf 74' lang='lat' dir='ltr'>latens)</span> 
     </span>
     <span class='ocr_line' id='line_1_19' title="bbox 87 1341 710 1404; baseline -0.005 -14"><span class='ocrx_word' id='word_1_109' title='bbox 87 1343 203 1390; x_wconf 82' lang='lat' dir='ltr'>Pervellit</span> <span class='ocrx_word' id='word_1_110' title='bbox 211 1358 290 1390; x_wconf 85' lang='lat' dir='ltr'>eurem</span> <span class='ocrx_word' id='word_1_111' title='bbox 302 1357 364 1401; x_wconf 86' lang='lat' dir='ltr'>vero,</span> <span class='ocrx_word' id='word_1_112' title='bbox 376 1356 446 1404; x_wconf 69' lang='lat' dir='ltr'>qus·</span> <span class='ocrx_word' id='word_1_113' title='bbox 457 1341 578 1399; x_wconf 71' lang='lat' dir='ltr'>cehvmet,</span> <span class='ocrx_word' id='word_1_114' title='bbox 679 1377 682 1384; x_wconf 88' lang='lat'><em>.</em></span> <span class='ocrx_word' id='word_1_115' title='bbox 708 1343 710 1348; x_wconf 90' lang='lat'>&#39;</span> 
     </span>
    </p>

    <p class='ocr_par' dir='ltr' id='par_1_14' title="bbox 86 1401 589 1470">
     <span class='ocr_line' id='line_1_20' title="bbox 86 1401 589 1470; baseline -0.004 -16"><span class='ocrx_word' id='word_1_116' title='bbox 86 1407 123 1454; x_wconf 83' lang='lat' dir='ltr'>Iit</span> <span class='ocrx_word' id='word_1_117' title='bbox 134 1401 188 1454; x_wconf 83' lang='lat' dir='ltr'>cum</span> <span class='ocrx_word' id='word_1_118' title='bbox 199 1406 276 1455; x_wconf 87' lang='lat' dir='ltr'>dolore</span> <span class='ocrx_word' id='word_1_119' title='bbox 286 1421 365 1454; x_wconf 84' lang='lat' dir='ltr'>vocem</span> <span class='ocrx_word' id='word_1_120' title='bbox 376 1415 464 1454; x_wconf 66' lang='lat' dir='ltr'>neutrae</span> <span class='ocrx_word' id='word_1_121' title='bbox 474 1405 589 1470; x_wconf 84' lang='lat' dir='ltr'>exprimit.</span> 
     </span>
    </p>

    <p class='ocr_par' dir='ltr' id='par_1_15' title="bbox 86 1469 759 1728">
     <span class='ocr_line' id='line_1_21' title="bbox 86 1469 640 1535; baseline 0 -17"><span class='ocrx_word' id='word_1_122' title='bbox 86 1469 212 1520; x_wconf 72' lang='lat' dir='ltr'>Acclamat</span> <span class='ocrx_word' id='word_1_123' title='bbox 219 1471 328 1535; x_wconf 83' lang='lat' dir='ltr'>populus,</span> <span class='ocrx_word' id='word_1_124' title='bbox 339 1473 446 1520; x_wconf 82' lang='lat' dir='ltr'>Smrrum</span> <span class='ocrx_word' id='word_1_125' title='bbox 456 1471 532 1518; x_wconf 87' lang='lat' dir='ltr'>multo</span> <span class='ocrx_word' id='word_1_126' title='bbox 542 1469 640 1520; x_wconf 87' lang='lat' dir='ltr'>similius</span> 
     </span>
     <span class='ocr_line' id='line_1_22' title="bbox 88 1535 759 1598; baseline -0.003 -16"><span class='ocrx_word' id='word_1_127' title='bbox 88 1535 232 1592; x_wconf 69' lang='lat' dir='ltr'>Imitatum⁴</span> <span class='ocrx_word' id='word_1_128' title='bbox 248 1546 271 1584; x_wconf 90' lang='lat' dir='ltr'>et</span> <span class='ocrx_word' id='word_1_129' title='bbox 281 1536 341 1598; x_wconf 79' lang='lat' dir='ltr'>cogit</span> <span class='ocrx_word' id='word_1_130' title='bbox 352 1536 475 1584; x_wconf 81' lang='lat' dir='ltr'>Rusticum</span> <span class='ocrx_word' id='word_1_131' title='bbox 487 1535 549 1584; x_wconf 88' lang='lat' dir='ltr'>trudi</span> <span class='ocrx_word' id='word_1_132' title='bbox 559 1535 627 1584; x_wconf 83' lang='lat' dir='ltr'>fores.</span> <span class='ocrx_word' id='word_1_133' title='bbox 727 1535 759 1581; x_wconf 81' lang='grc'>35</span> 
     </span>
     <span class='ocr_line' id='line_1_23' title="bbox 88 1598 599 1663; baseline -0.004 -15"><span class='ocrx_word' id='word_1_134' title='bbox 88 1598 127 1648; x_wconf 88' lang='lat' dir='ltr'>At</span> <span class='ocrx_word' id='word_1_135' title='bbox 137 1599 177 1648; x_wconf 88' lang='lat' dir='ltr'>ille</span> <span class='ocrx_word' id='word_1_136' title='bbox 187 1599 273 1663; x_wconf 81' lang='lat' dir='ltr'>profert</span> <span class='ocrx_word' id='word_1_137' title='bbox 282 1600 359 1663; x_wconf 87' lang='lat' dir='ltr'>ipsum</span> <span class='ocrx_word' id='word_1_138' title='bbox 370 1601 497 1663; x_wconf 86' lang='lat' dir='ltr'>porcellum</span> <span class='ocrx_word' id='word_1_139' title='bbox 508 1616 521 1648; x_wconf 89' lang='lat' dir='ltr'>e</span> <span class='ocrx_word' id='word_1_140' title='bbox 531 1599 599 1657; x_wconf 85' lang='lat' dir='ltr'>siuu;</span> 
     </span>
     <span class='ocr_line' id='line_1_24' title="bbox 87 1663 667 1728; baseline 0 -16"><span class='ocrx_word' id='word_1_141' title='bbox 87 1663 242 1728; x_wconf 80' lang='lat' dir='ltr'>Turpemque</span> <span class='ocrx_word' id='word_1_142' title='bbox 249 1672 328 1728; x_wconf 75' lang='lat' dir='ltr'>aperte</span> <span class='ocrx_word' id='word_1_143' title='bbox 338 1665 433 1728; x_wconf 81' lang='lat' dir='ltr'>pignore</span> <span class='ocrx_word' id='word_1_144' title='bbox 443 1679 542 1712; x_wconf 88' lang='lat' dir='ltr'>errorem</span> <span class='ocrx_word' id='word_1_145' title='bbox 552 1667 667 1727; x_wconf 72' lang='lat' dir='ltr'>probenst</span> 
     </span>
    </p>

    <p class='ocr_par' dir='ltr' id='par_1_16' title="bbox 89 1727 604 1792">
     <span class='ocr_line' id='line_1_25' title="bbox 89 1727 604 1792; baseline 0 -16"><span class='ocrx_word' id='word_1_146' title='bbox 89 1730 108 1756; x_wconf 90' lang='lat'><strong>“</strong></span> <span class='ocrx_word' id='word_1_147' title='bbox 115 1728 164 1790; x_wconf 87' lang='lat' dir='ltr'>En,</span> <span class='ocrx_word' id='word_1_148' title='bbox 176 1727 214 1776; x_wconf 88' lang='lat' dir='ltr'>hic</span> <span class='ocrx_word' id='word_1_149' title='bbox 225 1727 332 1789; x_wconf 71' lang='lat' dir='ltr'>declarat,</span> <span class='ocrx_word' id='word_1_150' title='bbox 343 1729 423 1792; x_wconf 70' lang='lat' dir='ltr'>quales</span> <span class='ocrx_word' id='word_1_151' title='bbox 434 1728 483 1775; x_wconf 87' lang='lat' dir='ltr'>sitis</span> <span class='ocrx_word' id='word_1_152' title='bbox 490 1727 604 1788; x_wconf 82' lang='lat' dir='ltr'>judices.’&#39;</span> 
     </span>
    </p>
   </div>
   <div class='ocr_carea' id='block_1_3' title="bbox 386 1859 470 1905">
    <p class='ocr_par' dir='ltr' id='par_1_17' title="bbox 386 1859 470 1905">
     <span class='ocr_line' id='line_1_26' title="bbox 386 1859 470 1905; baseline -0.06 0"><span class='ocrx_word' id='word_1_153' title='bbox 386 1859 470 1905; x_wconf 82' lang='lat' dir='ltr'>Po&#39;c&#39;io.</span> 
     </span>
    </p>
   </div>
   <div class='ocr_carea' id='block_1_4' title="bbox 87 1982 817 2564">
    <p class='ocr_par' dir='ltr' id='par_1_18' title="bbox 88 1982 817 2178">
     <span class='ocr_line' id='line_1_27' title="bbox 88 1982 817 2050; baseline -0.01 -16"><span class='ocrx_word' id='word_1_154' title='bbox 88 1985 180 2034; x_wconf 87' lang='lat' dir='ltr'>Adhuc</span> <span class='ocrx_word' id='word_1_155' title='bbox 189 1995 311 2050; x_wconf 83' lang='lat' dir='ltr'>supersunt</span> <span class='ocrx_word' id='word_1_156' title='bbox 320 1985 404 2045; x_wconf 83' lang='lat' dir='ltr'>multe,</span> <span class='ocrx_word' id='word_1_157' title='bbox 416 1999 469 2049; x_wconf 79' lang='lat' dir='ltr'>que</span> <span class='ocrx_word' id='word_1_158' title='bbox 478 1982 565 2048; x_wconf 87' lang='lat' dir='ltr'>possim</span> <span class='ocrx_word' id='word_1_159' title='bbox 576 1982 668 2046; x_wconf 87' lang='lat' dir='ltr'>eloqui:</span> <span class='ocrx_word' id='word_1_160' title='bbox 809 1991 817 2020; x_wconf 73' lang='lat' dir='ltr'>t</span> 
     </span>
     <span class='ocr_line' id='line_1_28' title="bbox 88 2047 760 2114; baseline -0.003 -16"><span class='ocrx_word' id='word_1_161' title='bbox 88 2051 124 2098; x_wconf 86' lang='lat' dir='ltr'>Et</span> <span class='ocrx_word' id='word_1_162' title='bbox 134 2050 226 2114; x_wconf 80' lang='lat' dir='ltr'>copiosa</span> <span class='ocrx_word' id='word_1_163' title='bbox 235 2050 338 2098; x_wconf 76' lang='lat' dir='ltr'>abundet</span> <span class='ocrx_word' id='word_1_164' title='bbox 348 2065 425 2098; x_wconf 89' lang='lat' dir='ltr'>rerum</span> <span class='ocrx_word' id='word_1_165' title='bbox 435 2050 539 2098; x_wconf 74' lang='lat' dir='ltr'>varietus.</span> <span class='ocrx_word' id='word_1_166' title='bbox 727 2047 760 2096; x_wconf 79' lang='lat' dir='ltr'>ld</span> 
     </span>
     <span class='ocr_line' id='line_1_29' title="bbox 88 2114 555 2178; baseline 0 -16"><span class='ocrx_word' id='word_1_167' title='bbox 88 2114 136 2162; x_wconf 85' lang='lat' dir='ltr'>Sed</span> <span class='ocrx_word' id='word_1_168' title='bbox 146 2123 279 2178; x_wconf 71' lang='lat' dir='ltr'>temperate</span> <span class='ocrx_word' id='word_1_169' title='bbox 289 2129 369 2164; x_wconf 79' lang='lat' dir='ltr'>sueves</span> <span class='ocrx_word' id='word_1_170' title='bbox 380 2123 435 2162; x_wconf 90' lang='lat' dir='ltr'>sunt</span> <span class='ocrx_word' id='word_1_171' title='bbox 444 2114 555 2178; x_wconf 74' lang='lat' dir='ltr'>argutiae5</span> 
     </span>
    </p>

    <p class='ocr_par' dir='ltr' id='par_1_19' title="bbox 87 2176 680 2307">
     <span class='ocr_line' id='line_1_30' title="bbox 87 2176 680 2240; baseline -0.003 -14"><span class='ocrx_word' id='word_1_172' title='bbox 87 2178 226 2226; x_wconf 80' lang='lat' dir='ltr'>Immodicae</span> <span class='ocrx_word' id='word_1_173' title='bbox 235 2179 362 2227; x_wconf 81' lang='lat' dir='ltr'>offendunt.</span> <span class='ocrx_word' id='word_1_174' title='bbox 384 2179 472 2240; x_wconf 73' lang='lat' dir='ltr'>Quare,</span> <span class='ocrx_word' id='word_1_175' title='bbox 484 2180 519 2228; x_wconf 84' lang='lat' dir='ltr'>vir</span> <span class='ocrx_word' id='word_1_176' title='bbox 529 2176 680 2236; x_wconf 74' lang='lat' dir='ltr'>sanctissime,</span> 
     </span>
     <span class='ocr_line' id='line_1_31' title="bbox 89 2241 621 2307; baseline 0 -17"><span class='ocrx_word' id='word_1_177' title='bbox 89 2242 217 2302; x_wconf 74' lang='lat' dir='ltr'>Particum,</span> <span class='ocrx_word' id='word_1_178' title='bbox 228 2243 324 2307; x_wconf 75' lang='lat' dir='ltr'>(chartis</span> <span class='ocrx_word' id='word_1_179' title='bbox 334 2259 418 2292; x_wconf 89' lang='lat' dir='ltr'>nomen</span> <span class='ocrx_word' id='word_1_180' title='bbox 429 2244 544 2292; x_wconf 86' lang='lat' dir='ltr'>victurum</span> <span class='ocrx_word' id='word_1_181' title='bbox 554 2241 621 2302; x_wconf 84' lang='lat' dir='ltr'>meis,</span> 
     </span>
    </p>

    <p class='ocr_par' dir='ltr' id='par_1_20' title="bbox 91 2306 569 2372">
     <span class='ocr_line' id='line_1_32' title="bbox 91 2306 569 2372; baseline 0.004 -18"><span class='ocrx_word' id='word_1_182' title='bbox 91 2306 184 2355; x_wconf 79' lang='lat' dir='ltr'>Latinis</span> <span class='ocrx_word' id='word_1_183' title='bbox 195 2306 252 2354; x_wconf 92' lang='lat' dir='ltr'>dum</span> <span class='ocrx_word' id='word_1_184' title='bbox 263 2309 366 2356; x_wconf 78' lang='lat' dir='ltr'>mauebit</span> <span class='ocrx_word' id='word_1_185' title='bbox 375 2308 475 2372; x_wconf 86' lang='lat' dir='ltr'>pretium</span> <span class='ocrx_word' id='word_1_186' title='bbox 485 2307 569 2368; x_wconf 82' lang='lat' dir='ltr'>literis)</span> 
     </span>
    </p>

    <p class='ocr_par' dir='ltr' id='par_1_21' title="bbox 90 2371 760 2497">
     <span class='ocr_line' id='line_1_33' title="bbox 90 2371 760 2436; baseline -0.004 -16"><span class='ocrx_word' id='word_1_187' title='bbox 90 2371 117 2420; x_wconf 83' lang='lat' dir='ltr'>si</span> <span class='ocrx_word' id='word_1_188' title='bbox 128 2386 174 2419; x_wconf 92' lang='lat' dir='ltr'>non</span> <span class='ocrx_word' id='word_1_189' title='bbox 183 2371 314 2434; x_wconf 81' lang='lat' dir='ltr'>ingenium,</span> <span class='ocrx_word' id='word_1_190' title='bbox 325 2381 385 2421; x_wconf 86' lang='lat' dir='ltr'>certe</span> <span class='ocrx_word' id='word_1_191' title='bbox 395 2371 529 2420; x_wconf 75' lang='lat' dir='ltr'>brevitsten</span> <span class='ocrx_word' id='word_1_192' title='bbox 539 2372 641 2436; x_wconf 76' lang='lat' dir='ltr'>approbo</span> <span class='ocrx_word' id='word_1_193' title='bbox 647 2387 656 2431; x_wconf 65' lang='grc' dir='ltr'>ς</span> <span class='ocrx_word' id='word_1_194' title='bbox 729 2371 760 2418; x_wconf 79' lang='grc'>45</span> 
     </span>
     <span class='ocr_line' id='line_1_34' title="bbox 91 2435 572 2497; baseline -0.002 -14"><span class='ocrx_word' id='word_1_195' title='bbox 91 2435 154 2495; x_wconf 78' lang='lat' dir='ltr'>Ques</span> <span class='ocrx_word' id='word_1_196' title='bbox 164 2437 320 2485; x_wconf 71' lang='lat' dir='ltr'>commendari</span> <span class='ocrx_word' id='word_1_197' title='bbox 329 2445 394 2484; x_wconf 86' lang='lat' dir='ltr'>tento</span> <span class='ocrx_word' id='word_1_198' title='bbox 404 2435 471 2484; x_wconf 87' lang='lat' dir='ltr'>debet</span> <span class='ocrx_word' id='word_1_199' title='bbox 479 2435 572 2497; x_wconf 86' lang='lat' dir='ltr'>justius,</span> 
     </span>
    </p>

    <p class='ocr_par' dir='ltr' id='par_1_22' title="bbox 92 2499 555 2564">
     <span class='ocr_line' id='line_1_35' title="bbox 92 2499 555 2564; baseline -0.009 -13"><span class='ocrx_word' id='word_1_200' title='bbox 92 2499 189 2563; x_wconf 73' lang='lat' dir='ltr'>Quanto</span> <span class='ocrx_word' id='word_1_201' title='bbox 198 2501 274 2564; x_wconf 64' lang='lat' dir='ltr'>poete</span> <span class='ocrx_word' id='word_1_202' title='bbox 284 2510 340 2550; x_wconf 88' lang='lat' dir='ltr'>sunt</span> <span class='ocrx_word' id='word_1_203' title='bbox 349 2499 440 2548; x_wconf 85' lang='lat' dir='ltr'>molesti</span> <span class='ocrx_word' id='word_1_204' title='bbox 450 2499 555 2548; x_wconf 84' lang='lat' dir='ltr'>velidius·</span> 
     </span>
    </p>
   </div>
   <div class='ocr_carea' id='block_1_5' title="bbox 0 0 900 3026">
    <p class='ocr_par' dir='ltr' id='par_1_23' title="bbox 0 0 900 3026">
     <span class='ocr_line' id='line_1_36' title="bbox 0 0 900 3026; baseline 0 0"><span class='ocrx_word' id='word_1_205' title='bbox 0 0 900 3026; x_wconf 95' lang='lat' dir='ltr'> </span> 
     </span>
    </p>
   </div>
  </div>
 </body>
</html>
